75600000         235812309000160                    04609000000000793400SALUTE ATIVIDADES DE INTERMEDISICOOB                                  22309202010452500006208500000                                                                     
75600011T01  043 2035812309000160          460900000804609000000000793400SALUTE ATIVIDADES DE INTERMEDI                                                                                000000002309202000000000                                 
7560001300001T 0204609000000000793400001123119401014     111000000000000010102020000000000006500756046090NATAL CORTEZ DA SILVA    091000029645344204NATAL CORTEZ DA SILVA                   000000000000000000000000000000000A4                 
7560001300002U 020000000000000000000000000000000000000000000000000000000000000000000000000000000000000000000000000000000000000000000000002209202000000000    00000000000000000000000                              75600000000000000000000       
7560001300003T 0204609000000000793400001123120201014     117000000000000010112020000000000006500756046090NATAL CORTEZ DA SILVA    091000029645344204NATAL CORTEZ DA SILVA                   000000000000000000000000000000000A4                 
7560001300004U 020000000000000000000000000000000000000000000000000000000000000000000000000000000000000000000000000000000000000000000000002209202000000000    00000000000000000000000                              75600000000000000000000       
7560001300005T 0204609000000000793400001123121001014     137000000000000010122020000000000006500756046090NATAL CORTEZ DA SILVA    091000029645344204NATAL CORTEZ DA SILVA                   000000000000000000000000000000000A4                 
7560001300006U 020000000000000000000000000000000000000000000000000000000000000000000000000000000000000000000000000000000000000000000000002209202000000000    00000000000000000000000                              75600000000000000000000       
7560001300007T 0204609000000000793400001123122701014     145000000000000010012021000000000006500756046090NATAL CORTEZ DA SILVA    091000029645344204NATAL CORTEZ DA SILVA                   000000000000000000000000000000000A4                 
7560001300008U 020000000000000000000000000000000000000000000000000000000000000000000000000000000000000000000000000000000000000000000000002209202000000000    00000000000000000000000                              75600000000000000000000       
7560001300009T 0204609000000000793400001123123401014     167000000000000010022021000000000006500756046090NATAL CORTEZ DA SILVA    091000029645344204NATAL CORTEZ DA SILVA                   000000000000000000000000000000000A4                 
7560001300010U 020000000000000000000000000000000000000000000000000000000000000000000000000000000000000000000000000000000000000000000000002209202000000000    00000000000000000000000                              75600000000000000000000       
7560001300011T 0204609000000000793400001123124101014     185000000000000010032021000000000006500756046090NATAL CORTEZ DA SILVA    091000029645344204NATAL CORTEZ DA SILVA                   000000000000000000000000000000000A4                 
7560001300012U 020000000000000000000000000000000000000000000000000000000000000000000000000000000000000000000000000000000000000000000000002209202000000000    00000000000000000000000                              75600000000000000000000       
7560001300013T 0204609000000000793400001123125901014     191000000000000010042021000000000006500756046090NATAL CORTEZ DA SILVA    091000029645344204NATAL CORTEZ DA SILVA                   000000000000000000000000000000000A4                 
7560001300014U 020000000000000000000000000000000000000000000000000000000000000000000000000000000000000000000000000000000000000000000000002209202000000000    00000000000000000000000                              75600000000000000000000       
7560001300015T 0204609000000000793400001123126601014     110300000000000010052021000000000006500756046090NATAL CORTEZ DA SILVA    091000029645344204NATAL CORTEZ DA SILVA                   000000000000000000000000000000000A4                 
7560001300016U 020000000000000000000000000000000000000000000000000000000000000000000000000000000000000000000000000000000000000000000000002209202000000000    00000000000000000000000                              75600000000000000000000       
7560001300017T 0204609000000000793400001123127301014     111100000000000010062021000000000006500756046090NATAL CORTEZ DA SILVA    091000029645344204NATAL CORTEZ DA SILVA                   000000000000000000000000000000000A4                 
7560001300018U 020000000000000000000000000000000000000000000000000000000000000000000000000000000000000000000000000000000000000000000000002209202000000000    00000000000000000000000                              75600000000000000000000       
7560001300019T 0204609000000000793400001123128001014     111900000000000010072021000000000006500756046090NATAL CORTEZ DA SILVA    091000029645344204NATAL CORTEZ DA SILVA                   000000000000000000000000000000000A4                 
7560001300020U 020000000000000000000000000000000000000000000000000000000000000000000000000000000000000000000000000000000000000000000000002209202000000000    00000000000000000000000                              75600000000000000000000       
7560001300021T 0204609000000000793400001123129801014     112900000000000010082021000000000006500756046090NATAL CORTEZ DA SILVA    091000029645344204NATAL CORTEZ DA SILVA                   000000000000000000000000000000000A4                 
7560001300022U 020000000000000000000000000000000000000000000000000000000000000000000000000000000000000000000000000000000000000000000000002209202000000000    00000000000000000000000                              75600000000000000000000       
7560001300023T 0204609000000000793400001123130601014     114300000000000010092021000000000006500756046090NATAL CORTEZ DA SILVA    091000029645344204NATAL CORTEZ DA SILVA                   000000000000000000000000000000000A4                 
7560001300024U 020000000000000000000000000000000000000000000000000000000000000000000000000000000000000000000000000000000000000000000000002209202000000000    00000000000000000000000                              75600000000000000000000       
7560001300025T 0204609000000000793400001123145601014     170000000000000010102020000000000006500756046090JOSE RIBAMAR ALVES DE MOR091000014087146200JOSE RIBAMAR ALVES DE MORAES            000000000000000000000000000000000A4                 
7560001300026U 020000000000000000000000000000000000000000000000000000000000000000000000000000000000000000000000000000000000000000000000002209202000000000    00000000000000000000000                              75600000000000000000000       
7560001300027T 0204609000000000793400001123146301014     125000000000000010112020000000000006500756046090JOSE RIBAMAR ALVES DE MOR091000014087146200JOSE RIBAMAR ALVES DE MORAES            000000000000000000000000000000000A4                 
7560001300028U 020000000000000000000000000000000000000000000000000000000000000000000000000000000000000000000000000000000000000000000000002209202000000000    00000000000000000000000                              75600000000000000000000       
7560001300029T 0204609000000000793400001123147001014     133000000000000010122020000000000006500756046090JOSE RIBAMAR ALVES DE MOR091000014087146200JOSE RIBAMAR ALVES DE MORAES            000000000000000000000000000000000A4                 
7560001300030U 020000000000000000000000000000000000000000000000000000000000000000000000000000000000000000000000000000000000000000000000002209202000000000    00000000000000000000000                              75600000000000000000000       
7560001300031T 0204609000000000793400001123148801014     149000000000000010012021000000000006500756046090JOSE RIBAMAR ALVES DE MOR091000014087146200JOSE RIBAMAR ALVES DE MORAES            000000000000000000000000000000000A4                 
7560001300032U 020000000000000000000000000000000000000000000000000000000000000000000000000000000000000000000000000000000000000000000000002209202000000000    00000000000000000000000                              75600000000000000000000       
7560001300033T 0204609000000000793400001123149501014     163000000000000010022021000000000006500756046090JOSE RIBAMAR ALVES DE MOR091000014087146200JOSE RIBAMAR ALVES DE MORAES            000000000000000000000000000000000A4                 
7560001300034U 020000000000000000000000000000000000000000000000000000000000000000000000000000000000000000000000000000000000000000000000002209202000000000    00000000000000000000000                              75600000000000000000000       
7560001300035T 0204609000000000793400001123150301014     175000000000000010032021000000000006500756046090JOSE RIBAMAR ALVES DE MOR091000014087146200JOSE RIBAMAR ALVES DE MORAES            000000000000000000000000000000000A4                 
7560001300036U 020000000000000000000000000000000000000000000000000000000000000000000000000000000000000000000000000000000000000000000000002209202000000000    00000000000000000000000                              75600000000000000000000       
7560001300037T 0204609000000000793400001123151001014     187000000000000010042021000000000006500756046090JOSE RIBAMAR ALVES DE MOR091000014087146200JOSE RIBAMAR ALVES DE MORAES            000000000000000000000000000000000A4                 
7560001300038U 020000000000000000000000000000000000000000000000000000000000000000000000000000000000000000000000000000000000000000000000002209202000000000    00000000000000000000000                              75600000000000000000000       
7560001300039T 0204609000000000793400001123152801014     199000000000000010052021000000000006500756046090JOSE RIBAMAR ALVES DE MOR091000014087146200JOSE RIBAMAR ALVES DE MORAES            000000000000000000000000000000000A4                 
7560001300040U 020000000000000000000000000000000000000000000000000000000000000000000000000000000000000000000000000000000000000000000000002209202000000000    00000000000000000000000                              75600000000000000000000       
7560001300041T 0204609000000000793400001123153501014     110700000000000010062021000000000006500756046090JOSE RIBAMAR ALVES DE MOR091000014087146200JOSE RIBAMAR ALVES DE MORAES            000000000000000000000000000000000A4                 
7560001300042U 020000000000000000000000000000000000000000000000000000000000000000000000000000000000000000000000000000000000000000000000002209202000000000    00000000000000000000000                              75600000000000000000000       
7560001300043T 0204609000000000793400001123154201014     111700000000000010072021000000000006500756046090JOSE RIBAMAR ALVES DE MOR091000014087146200JOSE RIBAMAR ALVES DE MORAES            000000000000000000000000000000000A4                 
7560001300044U 020000000000000000000000000000000000000000000000000000000000000000000000000000000000000000000000000000000000000000000000002209202000000000    00000000000000000000000                              75600000000000000000000       
7560001300045T 0204609000000000793400001123155001014     113500000000000010082021000000000006500756046090JOSE RIBAMAR ALVES DE MOR091000014087146200JOSE RIBAMAR ALVES DE MORAES            000000000000000000000000000000000A4                 
7560001300046U 020000000000000000000000000000000000000000000000000000000000000000000000000000000000000000000000000000000000000000000000002209202000000000    00000000000000000000000                              75600000000000000000000       
7560001300047T 0204609000000000793400001123156701014     114100000000000010092021000000000006500756046090JOSE RIBAMAR ALVES DE MOR091000014087146200JOSE RIBAMAR ALVES DE MORAES            000000000000000000000000000000000A4                 
7560001300048U 020000000000000000000000000000000000000000000000000000000000000000000000000000000000000000000000000000000000000000000000002209202000000000    00000000000000000000000                              75600000000000000000000       
7560001300049T 0204609000000000793400001123159901014     190000000000000010102020000000000006000756046090CRISLEI VANESSA DA SILVA 091000003305270969CRISLEI VANESSA DA SILVA                000000000000000000000000000000000A4                 
7560001300050U 020000000000000000000000000000000000000000000000000000000000000000000000000000000000000000000000000000000000000000000000002209202000000000    00000000000000000000000                              75600000000000000000000       
7560001300051T 0204609000000000793400001123160701014     123000000000000010112020000000000006000756046090CRISLEI VANESSA DA SILVA 091000003305270969CRISLEI VANESSA DA SILVA                000000000000000000000000000000000A4                 
7560001300052U 020000000000000000000000000000000000000000000000000000000000000000000000000000000000000000000000000000000000000000000000002209202000000000    00000000000000000000000                              75600000000000000000000       
7560001300053T 0204609000000000793400001123161401014     139000000000000010122020000000000006000756046090CRISLEI VANESSA DA SILVA 091000003305270969CRISLEI VANESSA DA SILVA                000000000000000000000000000000000A4                 
7560001300054U 020000000000000000000000000000000000000000000000000000000000000000000000000000000000000000000000000000000000000000000000002209202000000000    00000000000000000000000                              75600000000000000000000       
7560001300055T 0204609000000000793400001123162101014     153000000000000010012021000000000006000756046090CRISLEI VANESSA DA SILVA 091000003305270969CRISLEI VANESSA DA SILVA                000000000000000000000000000000000A4                 
7560001300056U 020000000000000000000000000000000000000000000000000000000000000000000000000000000000000000000000000000000000000000000000002209202000000000    00000000000000000000000                              75600000000000000000000       
7560001300057T 0204609000000000793400001123163901014     161000000000000010022021000000000006000756046090CRISLEI VANESSA DA SILVA 091000003305270969CRISLEI VANESSA DA SILVA                000000000000000000000000000000000A4                 
7560001300058U 020000000000000000000000000000000000000000000000000000000000000000000000000000000000000000000000000000000000000000000000002209202000000000    00000000000000000000000                              75600000000000000000000       
7560001300059T 0204609000000000793400001123164601014     173000000000000010032021000000000006000756046090CRISLEI VANESSA DA SILVA 091000003305270969CRISLEI VANESSA DA SILVA                000000000000000000000000000000000A4                 
7560001300060U 020000000000000000000000000000000000000000000000000000000000000000000000000000000000000000000000000000000000000000000000002209202000000000    00000000000000000000000                              75600000000000000000000       
7560001300061T 0204609000000000793400001123166001014     130000000000000010102020000000000006500756046090REJANE LIMA SILVA        091000088977625220REJANE LIMA SILVA                       000000000000000000000000000000000A4                 
7560001300062U 020000000000000000000000000000000000000000000000000000000000000000000000000000000000000000000000000000000000000000000000002209202000000000    00000000000000000000000                              75600000000000000000000       
7560001300063T 0204609000000000793400001123167801014     119000000000000010112020000000000006500756046090REJANE LIMA SILVA        091000088977625220REJANE LIMA SILVA                       000000000000000000000000000000000A4                 
7560001300064U 020000000000000000000000000000000000000000000000000000000000000000000000000000000000000000000000000000000000000000000000002209202000000000    00000000000000000000000                              75600000000000000000000       
7560001300065T 0204609000000000793400001123168501014     143000000000000010122020000000000006500756046090REJANE LIMA SILVA        091000088977625220REJANE LIMA SILVA                       000000000000000000000000000000000A4                 
7560001300066U 020000000000000000000000000000000000000000000000000000000000000000000000000000000000000000000000000000000000000000000000002209202000000000    00000000000000000000000                              75600000000000000000000       
7560001300067T 0204609000000000793400001123169201014     151000000000000010012021000000000006500756046090REJANE LIMA SILVA        091000088977625220REJANE LIMA SILVA                       000000000000000000000000000000000A4                 
7560001300068U 020000000000000000000000000000000000000000000000000000000000000000000000000000000000000000000000000000000000000000000000002209202000000000    00000000000000000000000                              75600000000000000000000       
7560001300069T 0204609000000000793400001123170001014     165000000000000010022021000000000006500756046090REJANE LIMA SILVA        091000088977625220REJANE LIMA SILVA                       000000000000000000000000000000000A4                 
7560001300070U 020000000000000000000000000000000000000000000000000000000000000000000000000000000000000000000000000000000000000000000000002209202000000000    00000000000000000000000                              75600000000000000000000       
7560001300071T 0204609000000000793400001123171801014     179000000000000010032021000000000006500756046090REJANE LIMA SILVA        091000088977625220REJANE LIMA SILVA                       000000000000000000000000000000000A4                 
7560001300072U 020000000000000000000000000000000000000000000000000000000000000000000000000000000000000000000000000000000000000000000000002209202000000000    00000000000000000000000                              75600000000000000000000       
7560001300073T 0204609000000000793400001123172501014     189000000000000010042021000000000006500756046090REJANE LIMA SILVA        091000088977625220REJANE LIMA SILVA                       000000000000000000000000000000000A4                 
7560001300074U 020000000000000000000000000000000000000000000000000000000000000000000000000000000000000000000000000000000000000000000000002209202000000000    00000000000000000000000                              75600000000000000000000       
7560001300075T 0204609000000000793400001123173201014     110500000000000010052021000000000006500756046090REJANE LIMA SILVA        091000088977625220REJANE LIMA SILVA                       000000000000000000000000000000000A4                 
7560001300076U 020000000000000000000000000000000000000000000000000000000000000000000000000000000000000000000000000000000000000000000000002209202000000000    00000000000000000000000                              75600000000000000000000       
7560001300077T 0204609000000000793400001123174001014     110900000000000010062021000000000006500756046090REJANE LIMA SILVA        091000088977625220REJANE LIMA SILVA                       000000000000000000000000000000000A4                 
7560001300078U 020000000000000000000000000000000000000000000000000000000000000000000000000000000000000000000000000000000000000000000000002209202000000000    00000000000000000000000                              75600000000000000000000       
7560001300079T 0204609000000000793400001123175701014     112100000000000010072021000000000006500756046090REJANE LIMA SILVA        091000088977625220REJANE LIMA SILVA                       000000000000000000000000000000000A4                 
7560001300080U 020000000000000000000000000000000000000000000000000000000000000000000000000000000000000000000000000000000000000000000000002209202000000000    00000000000000000000000                              75600000000000000000000       
7560001300081T 0204609000000000793400001123176401014     112700000000000010082021000000000006500756046090REJANE LIMA SILVA        091000088977625220REJANE LIMA SILVA                       000000000000000000000000000000000A4                 
7560001300082U 020000000000000000000000000000000000000000000000000000000000000000000000000000000000000000000000000000000000000000000000002209202000000000    00000000000000000000000                              75600000000000000000000       
7560001300083T 0204609000000000793400001123177101014     113900000000000010092021000000000006500756046090REJANE LIMA SILVA        091000088977625220REJANE LIMA SILVA                       000000000000000000000000000000000A4                 
7560001300084U 020000000000000000000000000000000000000000000000000000000000000000000000000000000000000000000000000000000000000000000000002209202000000000    00000000000000000000000                              75600000000000000000000       
7560001300085T 0204609000000000793400001123179601014     115000000000000010102020000000000005990756046090REJANE LIMA SILVA        091000088977625220REJANE LIMA SILVA                       000000000000000000000000000000000A4                 
7560001300086U 020000000000000000000000000000000000000000000000000000000000000000000000000000000000000000000000000000000000000000000000002209202000000000    00000000000000000000000                              75600000000000000000000       
7560001300087T 0204609000000000793400001123180401014     129000000000000010112020000000000005990756046090REJANE LIMA SILVA        091000088977625220REJANE LIMA SILVA                       000000000000000000000000000000000A4                 
7560001300088U 020000000000000000000000000000000000000000000000000000000000000000000000000000000000000000000000000000000000000000000000002209202000000000    00000000000000000000000                              75600000000000000000000       
7560001300089T 0204609000000000793400001123181101014     131000000000000010122020000000000005990756046090REJANE LIMA SILVA        091000088977625220REJANE LIMA SILVA                       000000000000000000000000000000000A4                 
7560001300090U 020000000000000000000000000000000000000000000000000000000000000000000000000000000000000000000000000000000000000000000000002209202000000000    00000000000000000000000                              75600000000000000000000       
7560001300091T 0204609000000000793400001123182901014     155000000000000010012021000000000005990756046090REJANE LIMA SILVA        091000088977625220REJANE LIMA SILVA                       000000000000000000000000000000000A4                 
7560001300092U 020000000000000000000000000000000000000000000000000000000000000000000000000000000000000000000000000000000000000000000000002209202000000000    00000000000000000000000                              75600000000000000000000       
7560001300093T 0204609000000000793400001123183601014     171000000000000010022021000000000005990756046090REJANE LIMA SILVA        091000088977625220REJANE LIMA SILVA                       000000000000000000000000000000000A4                 
7560001300094U 020000000000000000000000000000000000000000000000000000000000000000000000000000000000000000000000000000000000000000000000002209202000000000    00000000000000000000000                              75600000000000000000000       
7560001300095T 0204609000000000793400001123184301014     177000000000000010032021000000000005990756046090REJANE LIMA SILVA        091000088977625220REJANE LIMA SILVA                       000000000000000000000000000000000A4                 
7560001300096U 020000000000000000000000000000000000000000000000000000000000000000000000000000000000000000000000000000000000000000000000002209202000000000    00000000000000000000000                              75600000000000000000000       
7560001300097T 0204609000000000793400001123185001014     195000000000000010042021000000000005990756046090REJANE LIMA SILVA        091000088977625220REJANE LIMA SILVA                       000000000000000000000000000000000A4                 
7560001300098U 020000000000000000000000000000000000000000000000000000000000000000000000000000000000000000000000000000000000000000000000002209202000000000    00000000000000000000000                              75600000000000000000000       
7560001300099T 0204609000000000793400001123186801014     110100000000000010052021000000000005990756046090REJANE LIMA SILVA        091000088977625220REJANE LIMA SILVA                       000000000000000000000000000000000A4                 
7560001300100U 020000000000000000000000000000000000000000000000000000000000000000000000000000000000000000000000000000000000000000000000002209202000000000    00000000000000000000000                              75600000000000000000000       
7560001300101T 0204609000000000793400001123187501014     111300000000000010062021000000000005990756046090REJANE LIMA SILVA        091000088977625220REJANE LIMA SILVA                       000000000000000000000000000000000A4                 
7560001300102U 020000000000000000000000000000000000000000000000000000000000000000000000000000000000000000000000000000000000000000000000002209202000000000    00000000000000000000000                              75600000000000000000000       
7560001300103T 0204609000000000793400001123188201014     112300000000000010072021000000000005990756046090REJANE LIMA SILVA        091000088977625220REJANE LIMA SILVA                       000000000000000000000000000000000A4                 
7560001300104U 020000000000000000000000000000000000000000000000000000000000000000000000000000000000000000000000000000000000000000000000002209202000000000    00000000000000000000000                              75600000000000000000000       
7560001300105T 0204609000000000793400001123189001014     113100000000000010082021000000000005990756046090REJANE LIMA SILVA        091000088977625220REJANE LIMA SILVA                       000000000000000000000000000000000A4                 
7560001300106U 020000000000000000000000000000000000000000000000000000000000000000000000000000000000000000000000000000000000000000000000002209202000000000    00000000000000000000000                              75600000000000000000000       
7560001300107T 0204609000000000793400001123190801014     113700000000000010092021000000000005990756046090REJANE LIMA SILVA        091000088977625220REJANE LIMA SILVA                       000000000000000000000000000000000A4                 
7560001300108U 020000000000000000000000000000000000000000000000000000000000000000000000000000000000000000000000000000000000000000000000002209202000000000    00000000000000000000000                              75600000000000000000000       
7560001300109T 0204609000000000793400001123217101014     113000000000000010102020000000000006000756046090CRISLEI VANESSA DA SILVA 091000003305270969CRISLEI VANESSA DA SILVA                000000000000000000000000000000000A4                 
7560001300110U 020000000000000000000000000000000000000000000000000000000000000000000000000000000000000000000000000000000000000000000000002209202000000000    00000000000000000000000                              75600000000000000000000       
7560001300111T 0204609000000000793400001123218901014     121000000000000010112020000000000006000756046090CRISLEI VANESSA DA SILVA 091000003305270969CRISLEI VANESSA DA SILVA                000000000000000000000000000000000A4                 
7560001300112U 020000000000000000000000000000000000000000000000000000000000000000000000000000000000000000000000000000000000000000000000002209202000000000    00000000000000000000000                              75600000000000000000000       
7560001300113T 0204609000000000793400001123219601014     135000000000000010122020000000000006000756046090CRISLEI VANESSA DA SILVA 091000003305270969CRISLEI VANESSA DA SILVA                000000000000000000000000000000000A4                 
7560001300114U 020000000000000000000000000000000000000000000000000000000000000000000000000000000000000000000000000000000000000000000000002209202000000000    00000000000000000000000                              75600000000000000000000       
7560001300115T 0204609000000000793400001123220401014     157000000000000010012021000000000006000756046090CRISLEI VANESSA DA SILVA 091000003305270969CRISLEI VANESSA DA SILVA                000000000000000000000000000000000A4                 
7560001300116U 020000000000000000000000000000000000000000000000000000000000000000000000000000000000000000000000000000000000000000000000002209202000000000    00000000000000000000000                              75600000000000000000000       
7560001300117T 0204609000000000793400001123221101014     159000000000000010022021000000000006000756046090CRISLEI VANESSA DA SILVA 091000003305270969CRISLEI VANESSA DA SILVA                000000000000000000000000000000000A4                 
7560001300118U 020000000000000000000000000000000000000000000000000000000000000000000000000000000000000000000000000000000000000000000000002209202000000000    00000000000000000000000                              75600000000000000000000       
7560001300119T 0204609000000000793400001123222901014     183000000000000010032021000000000006000756046090CRISLEI VANESSA DA SILVA 091000003305270969CRISLEI VANESSA DA SILVA                000000000000000000000000000000000A4                 
7560001300120U 020000000000000000000000000000000000000000000000000000000000000000000000000000000000000000000000000000000000000000000000002209202000000000    00000000000000000000000                              75600000000000000000000       
7560001300121T 0204609000000000793400001123224301014     150000000000000010102020000000000006500756046090MANOEL PEREIRA DA SILVA  091000038069989220MANOEL PEREIRA DA SILVA                 000000000000000000000000000000000A4                 
7560001300122U 020000000000000000000000000000000000000000000000000000000000000000000000000000000000000000000000000000000000000000000000002209202000000000    00000000000000000000000                              75600000000000000000000       
7560001300123T 0204609000000000793400001123225001014     127000000000000010112020000000000006500756046090MANOEL PEREIRA DA SILVA  091000038069989220MANOEL PEREIRA DA SILVA                 000000000000000000000000000000000A4                 
7560001300124U 020000000000000000000000000000000000000000000000000000000000000000000000000000000000000000000000000000000000000000000000002209202000000000    00000000000000000000000                              75600000000000000000000       
7560001300125T 0204609000000000793400001123226801014     141000000000000010122020000000000006500756046090MANOEL PEREIRA DA SILVA  091000038069989220MANOEL PEREIRA DA SILVA                 000000000000000000000000000000000A4                 
7560001300126U 020000000000000000000000000000000000000000000000000000000000000000000000000000000000000000000000000000000000000000000000002209202000000000    00000000000000000000000                              75600000000000000000000       
7560001300127T 0204609000000000793400001123227501014     147000000000000010012021000000000006500756046090MANOEL PEREIRA DA SILVA  091000038069989220MANOEL PEREIRA DA SILVA                 000000000000000000000000000000000A4                 
7560001300128U 020000000000000000000000000000000000000000000000000000000000000000000000000000000000000000000000000000000000000000000000002209202000000000    00000000000000000000000                              75600000000000000000000       
7560001300129T 0204609000000000793400001123228201014     169000000000000010022021000000000006500756046090MANOEL PEREIRA DA SILVA  091000038069989220MANOEL PEREIRA DA SILVA                 000000000000000000000000000000000A4                 
7560001300130U 020000000000000000000000000000000000000000000000000000000000000000000000000000000000000000000000000000000000000000000000002209202000000000    00000000000000000000000                              75600000000000000000000       
7560001300131T 0204609000000000793400001123229001014     181000000000000010032021000000000006500756046090MANOEL PEREIRA DA SILVA  091000038069989220MANOEL PEREIRA DA SILVA                 000000000000000000000000000000000A4                 
7560001300132U 020000000000000000000000000000000000000000000000000000000000000000000000000000000000000000000000000000000000000000000000002209202000000000    00000000000000000000000                              75600000000000000000000       
7560001300133T 0204609000000000793400001123230801014     193000000000000010042021000000000006500756046090MANOEL PEREIRA DA SILVA  091000038069989220MANOEL PEREIRA DA SILVA                 000000000000000000000000000000000A4                 
7560001300134U 020000000000000000000000000000000000000000000000000000000000000000000000000000000000000000000000000000000000000000000000002209202000000000    00000000000000000000000                              75600000000000000000000       
7560001300135T 0204609000000000793400001123231501014     197000000000000010052021000000000006500756046090MANOEL PEREIRA DA SILVA  091000038069989220MANOEL PEREIRA DA SILVA                 000000000000000000000000000000000A4                 
7560001300136U 020000000000000000000000000000000000000000000000000000000000000000000000000000000000000000000000000000000000000000000000002209202000000000    00000000000000000000000                              75600000000000000000000       
7560001300137T 0204609000000000793400001123232201014     111500000000000010062021000000000006500756046090MANOEL PEREIRA DA SILVA  091000038069989220MANOEL PEREIRA DA SILVA                 000000000000000000000000000000000A4                 
7560001300138U 020000000000000000000000000000000000000000000000000000000000000000000000000000000000000000000000000000000000000000000000002209202000000000    00000000000000000000000                              75600000000000000000000       
7560001300139T 0204609000000000793400001123233001014     112500000000000010072021000000000006500756046090MANOEL PEREIRA DA SILVA  091000038069989220MANOEL PEREIRA DA SILVA                 000000000000000000000000000000000A4                 
7560001300140U 020000000000000000000000000000000000000000000000000000000000000000000000000000000000000000000000000000000000000000000000002209202000000000    00000000000000000000000                              75600000000000000000000       
7560001300141T 0204609000000000793400001123234701014     113300000000000010082021000000000006500756046090MANOEL PEREIRA DA SILVA  091000038069989220MANOEL PEREIRA DA SILVA                 000000000000000000000000000000000A4                 
7560001300142U 020000000000000000000000000000000000000000000000000000000000000000000000000000000000000000000000000000000000000000000000002209202000000000    00000000000000000000000                              75600000000000000000000       
7560001300143T 0204609000000000793400001123235401014     114500000000000010092021000000000006500756046090MANOEL PEREIRA DA SILVA  091000038069989220MANOEL PEREIRA DA SILVA                 000000000000000000000000000000000A4                 
7560001300144U 020000000000000000000000000000000000000000000000000000000000000000000000000000000000000000000000000000000000000000000000002209202000000000    00000000000000000000000                              75600000000000000000000       
7560001300145T 0904609000000000793400001115913601014     113170000000000021092020000000000006500756046090MILENA LARA NASCIMENTO SO091000084578580253SALUTE                                  00000000000000000000000100000000013                 
7560001300146U 090000000000000000000000000000000000000000000000000000000000000000000000000000000000000000000000000000000000000000000000002209202000000000    00000000000000000000000                        19411775600000000000000000000       
7560001300147T 0904609000000000793400001115926101014     113150000000000021092020000000000006500756046090ELISILDA DE OLIVEIRA SILV091000040632148500SALUTE                                  00000000000000000000000100000000013                 
7560001300148U 090000000000000000000000000000000000000000000000000000000000000000000000000000000000000000000000000000000000000000000000002209202000000000    00000000000000000000000                        19411875600000000000000000000       
7560001300149T 0904609000000000793400001115939701014     113130000000000021092020000000000006500756046090DEUSIMAR ALVES PEREIRA   091000010777300206SALUTE                                  00000000000000000000000100000000013                 
7560001300150U 090000000000000000000000000000000000000000000000000000000000000000000000000000000000000000000000000000000000000000000000002209202000000000    00000000000000000000000                        19411975600000000000000000000       
7560001300151T 0904609000000000793400001115952301014     113190000000000021092020000000000007000756046090SANDRO BARBOSA RIBEIRO   091000072044675234SALUTE                                  00000000000000000000000100000000013                 
7560001300152U 090000000000000000000000000000000000000000000000000000000000000000000000000000000000000000000000000000000000000000000000002209202000000000    00000000000000000000000                        19412075600000000000000000000       
7560001300153T 1104609000000000793400001115586601014     113250000000000022092020000000000006500756046090VERA LUCIA MENDES DIAS   091000063289180204SALUTE                                  00000000000000000000000000000000000                 
7560001300154U 110000000000000000000000000000000000000000000000000000000000000000000000000000000000000000000000000000000000000000000000002309202000000000    00000000000000000000000                              75600000000000000000000       
7560001300155T 1104609000000000793400001115599101014     113210000000000022092020000000000006500756046090ENILZA DE SOUZA DO CARMO 091000039221571220SALUTE                                  00000000000000000000000000000000000                 
7560001300156U 110000000000000000000000000000000000000000000000000000000000000000000000000000000000000000000000000000000000000000000000002309202000000000    00000000000000000000000                              75600000000000000000000       
7560001300157T 1104609000000000793400001115966601014     113270000000000022092020000000000006500756046090RAQUEL SIMONE DIAS NASCIM091000042965950249SALUTE                                  00000000000000000000000000000000000                 
7560001300158U 110000000000000000000000000000000000000000000000000000000000000000000000000000000000000000000000000000000000000000000000002309202000000000    00000000000000000000000                              75600000000000000000000       
7560001300159T 1104609000000000793400001115978401014     113230000000000022092020000000000006750756046090ANDREA ALVES LAGES OLIVEI091000056558660300SALUTE                                  00000000000000000000000000000000000                 
7560001300160U 110000000000000000000000000000000000000000000000000000000000000000000000000000000000000000000000000000000000000000000000002309202000000000    00000000000000000000000                              75600000000000000000000       
7560001300161T 0304609000000000793400001123158101014     110000000000000010052020000000000036000756046090SANTOS                   091000006152720370SANTOS                                  00000000000000000000000000000000017                 
7560001300162U 030000000000000000000000000000000000000000000000000000000000000000000000000000000000000000000000000000000000000000000000002209202000000000    00000000000000000000000                              75600000000000000000000       
75600015         00016400008100000000000544630000000000000000000000000000000000000000000000000000000000000000000000                                                                                                                             
75699999         000001000166000000                                                                                                                                                                                                             
