75600000         235812309000160                    04609000000000793400SALUTE ATIVIDADES DE INTERMEDISICOOB                                  23007202009521700001008500000                                                                     
75600011T01  043 2035812309000160          460900000804609000000000793400SALUTE ATIVIDADES DE INTERMEDI                                                                                000000003007202000000000                                 
7560001300001T 0204609000000000793400001119892201014     110000000000000010082020000000000006500756046090STEFANY DE PAULA DIAS PAS091000001829662244SALUTE                                  000000000000000000000015500000000A4                 
7560001300002U 020000000000000000000000000000000000000000000000000000000000000000000000000000000000000000000000000000000000000000000000002107202000000000    00000000000000000000000                              75600000000000000000000       
7560001300003T 0204609000000000793400001119893001014     170000000000000010092020000000000006500756046090STEFANY DE PAULA DIAS PAS091000001829662244SALUTE                                  000000000000000000000015500000000A4                 
7560001300004U 020000000000000000000000000000000000000000000000000000000000000000000000000000000000000000000000000000000000000000000000002107202000000000    00000000000000000000000                              75600000000000000000000       
7560001300005T 0204609000000000793400001119894701014     190000000000000010102020000000000006500756046090STEFANY DE PAULA DIAS PAS091000001829662244SALUTE                                  000000000000000000000015500000000A4                 
7560001300006U 020000000000000000000000000000000000000000000000000000000000000000000000000000000000000000000000000000000000000000000000002107202000000000    00000000000000000000000                              75600000000000000000000       
7560001300007T 0204609000000000793400001119895401014     115000000000000010112020000000000006500756046090STEFANY DE PAULA DIAS PAS091000001829662244SALUTE                                  000000000000000000000015500000000A4                 
7560001300008U 020000000000000000000000000000000000000000000000000000000000000000000000000000000000000000000000000000000000000000000000002107202000000000    00000000000000000000000                              75600000000000000000000       
7560001300009T 0204609000000000793400001119896101014     117000000000000010122020000000000006500756046090STEFANY DE PAULA DIAS PAS091000001829662244SALUTE                                  000000000000000000000015500000000A4                 
7560001300010U 020000000000000000000000000000000000000000000000000000000000000000000000000000000000000000000000000000000000000000000000002107202000000000    00000000000000000000000                              75600000000000000000000       
7560001300011T 0204609000000000793400001119897901014     121000000000000010012021000000000006500756046090STEFANY DE PAULA DIAS PAS091000001829662244SALUTE                                  000000000000000000000015500000000A4                 
7560001300012U 020000000000000000000000000000000000000000000000000000000000000000000000000000000000000000000000000000000000000000000000002107202000000000    00000000000000000000000                              75600000000000000000000       
7560001300013T 0204609000000000793400001119898601014     125000000000000010022021000000000006500756046090STEFANY DE PAULA DIAS PAS091000001829662244SALUTE                                  000000000000000000000015500000000A4                 
7560001300014U 020000000000000000000000000000000000000000000000000000000000000000000000000000000000000000000000000000000000000000000000002107202000000000    00000000000000000000000                              75600000000000000000000       
7560001300015T 0204609000000000793400001119899301014     131000000000000010032021000000000006500756046090STEFANY DE PAULA DIAS PAS091000001829662244SALUTE                                  000000000000000000000015500000000A4                 
7560001300016U 020000000000000000000000000000000000000000000000000000000000000000000000000000000000000000000000000000000000000000000000002107202000000000    00000000000000000000000                              75600000000000000000000       
7560001300017T 0204609000000000793400001119900701014     135000000000000010042021000000000006500756046090STEFANY DE PAULA DIAS PAS091000001829662244SALUTE                                  000000000000000000000015500000000A4                 
7560001300018U 020000000000000000000000000000000000000000000000000000000000000000000000000000000000000000000000000000000000000000000000002107202000000000    00000000000000000000000                              75600000000000000000000       
7560001300019T 0204609000000000793400001119901401014     137000000000000010052021000000000006500756046090STEFANY DE PAULA DIAS PAS091000001829662244SALUTE                                  000000000000000000000015500000000A4                 
7560001300020U 020000000000000000000000000000000000000000000000000000000000000000000000000000000000000000000000000000000000000000000000002107202000000000    00000000000000000000000                              75600000000000000000000       
7560001300021T 0204609000000000793400001119902101014     143000000000000010062021000000000006500756046090STEFANY DE PAULA DIAS PAS091000001829662244SALUTE                                  000000000000000000000015500000000A4                 
7560001300022U 020000000000000000000000000000000000000000000000000000000000000000000000000000000000000000000000000000000000000000000000002107202000000000    00000000000000000000000                              75600000000000000000000       
7560001300023T 0204609000000000793400001119903901014     145000000000000010072021000000000006500756046090STEFANY DE PAULA DIAS PAS091000001829662244SALUTE                                  000000000000000000000015500000000A4                 
7560001300024U 020000000000000000000000000000000000000000000000000000000000000000000000000000000000000000000000000000000000000000000000002107202000000000    00000000000000000000000                              75600000000000000000000       
7560001300025T 0204609000000000793400001119905301014     130000000000000010082020000000000006500756046090MARIA LUZIA DOS SANTOS   091000058468560200SALUTE                                  000000000000000000000015500000000A4                 
7560001300026U 020000000000000000000000000000000000000000000000000000000000000000000000000000000000000000000000000000000000000000000000002107202000000000    00000000000000000000000                              75600000000000000000000       
7560001300027T 0204609000000000793400001119906001014     150000000000000010092020000000000006500756046090MARIA LUZIA DOS SANTOS   091000058468560200SALUTE                                  000000000000000000000015500000000A4                 
7560001300028U 020000000000000000000000000000000000000000000000000000000000000000000000000000000000000000000000000000000000000000000000002107202000000000    00000000000000000000000                              75600000000000000000000       
7560001300029T 0204609000000000793400001119907801014     111000000000000010102020000000000006500756046090MARIA LUZIA DOS SANTOS   091000058468560200SALUTE                                  000000000000000000000015500000000A4                 
7560001300030U 020000000000000000000000000000000000000000000000000000000000000000000000000000000000000000000000000000000000000000000000002107202000000000    00000000000000000000000                              75600000000000000000000       
7560001300031T 0204609000000000793400001119908501014     113000000000000010112020000000000006500756046090MARIA LUZIA DOS SANTOS   091000058468560200SALUTE                                  000000000000000000000015500000000A4                 
7560001300032U 020000000000000000000000000000000000000000000000000000000000000000000000000000000000000000000000000000000000000000000000002107202000000000    00000000000000000000000                              75600000000000000000000       
7560001300033T 0204609000000000793400001119909201014     119000000000000010122020000000000006500756046090MARIA LUZIA DOS SANTOS   091000058468560200SALUTE                                  000000000000000000000015500000000A4                 
7560001300034U 020000000000000000000000000000000000000000000000000000000000000000000000000000000000000000000000000000000000000000000000002107202000000000    00000000000000000000000                              75600000000000000000000       
7560001300035T 0204609000000000793400001119910001014     123000000000000010012021000000000006500756046090MARIA LUZIA DOS SANTOS   091000058468560200SALUTE                                  000000000000000000000015500000000A4                 
7560001300036U 020000000000000000000000000000000000000000000000000000000000000000000000000000000000000000000000000000000000000000000000002107202000000000    00000000000000000000000                              75600000000000000000000       
7560001300037T 0204609000000000793400001119911801014     127000000000000010022021000000000006500756046090MARIA LUZIA DOS SANTOS   091000058468560200SALUTE                                  000000000000000000000015500000000A4                 
7560001300038U 020000000000000000000000000000000000000000000000000000000000000000000000000000000000000000000000000000000000000000000000002107202000000000    00000000000000000000000                              75600000000000000000000       
7560001300039T 0204609000000000793400001119912501014     129000000000000010032021000000000006500756046090MARIA LUZIA DOS SANTOS   091000058468560200SALUTE                                  000000000000000000000015500000000A4                 
7560001300040U 020000000000000000000000000000000000000000000000000000000000000000000000000000000000000000000000000000000000000000000000002107202000000000    00000000000000000000000                              75600000000000000000000       
7560001300041T 0204609000000000793400001119913201014     133000000000000010042021000000000006500756046090MARIA LUZIA DOS SANTOS   091000058468560200SALUTE                                  000000000000000000000015500000000A4                 
7560001300042U 020000000000000000000000000000000000000000000000000000000000000000000000000000000000000000000000000000000000000000000000002107202000000000    00000000000000000000000                              75600000000000000000000       
7560001300043T 0204609000000000793400001119914001014     139000000000000010052021000000000006500756046090MARIA LUZIA DOS SANTOS   091000058468560200SALUTE                                  000000000000000000000015500000000A4                 
7560001300044U 020000000000000000000000000000000000000000000000000000000000000000000000000000000000000000000000000000000000000000000000002107202000000000    00000000000000000000000                              75600000000000000000000       
7560001300045T 0204609000000000793400001119915701014     141000000000000010062021000000000006500756046090MARIA LUZIA DOS SANTOS   091000058468560200SALUTE                                  000000000000000000000015500000000A4                 
7560001300046U 020000000000000000000000000000000000000000000000000000000000000000000000000000000000000000000000000000000000000000000000002107202000000000    00000000000000000000000                              75600000000000000000000       
7560001300047T 0204609000000000793400001119916401014     147000000000000010072021000000000006500756046090MARIA LUZIA DOS SANTOS   091000058468560200SALUTE                                  000000000000000000000015500000000A4                 
7560001300048U 020000000000000000000000000000000000000000000000000000000000000000000000000000000000000000000000000000000000000000000000002107202000000000    00000000000000000000000                              75600000000000000000000       
7560001300049T 0904609000000000793400001115415101014     111000000000000020072020000000000006500756046090Hamilton Costa Neto      091000079776302572SALUTE                                  00000000000000000000000100000000013                 
7560001300050U 090000000000000000000000000000000000000000000000000000000000000000000000000000000000000000000000000000000000000000000000002107202000000000    00000000000000000000000                        17123475600000000000000000000       
7560001300051T 0904609000000000793400001115584101014     129000000000000022072020000000000006500756046090VERA LUCIA MENDES DIAS   091000063289180204SALUTE                                  00000000000000000000000100000000013                 
7560001300052U 090000000000000000000000000000000000000000000000000000000000000000000000000000000000000000000000000000000000000000000000002307202000000000    00000000000000000000000                        17167775600000000000000000000       
7560001300053T 0604609000000000793400001115597701014     125000000000000022072020000000000006500001044500ENILZA DE SOUZA DO CARMO 091000039221571220SALUTE                                  00000000000000000000000000000000004                 
7560001300054U 060000000000000000000000000000000000000000000000000000000000000000000000065000000000000065000000000000000000000000000000002207202023072020    00000000000000000000000                        17145475600000000000000000000       
7560001300055T 0604609000000000793400001115623401014     133000000000000024072020000000000006500104043980VIVALDO PEREIRA DE ANDRAD091000012237132291SALUTE                                  00000000000000000000000000000000004                 
7560001300056U 060000000000000000000000000000000000000000000000000000000000000000000000065000000000000065000000000000000000000000000000002407202027072020    00000000000000000000000                        17183275600000000000000000000       
7560001300057T 0904609000000000793400001115833101014     130000000000000018072020000000000006500756046090AGOSTINHA DE JESUS RODRIG091000040766110397SALUTE                                  00000000000000000000000100000000013                 
7560001300058U 090000000000000000000000000000000000000000000000000000000000000000000000000000000000000000000000000000000000000000000000002007202000000000    00000000000000000000000                        17095175600000000000000000000       
7560001300059T 0904609000000000793400001115846701014     110000000000000018072020000000000006500756046090CECI FERREIRA DE OLIVEIRA091000003996832249SALUTE                                  00000000000000000000000100000000013                 
7560001300060U 090000000000000000000000000000000000000000000000000000000000000000000000000000000000000000000000000000000000000000000000002007202000000000    00000000000000000000000                        17095275600000000000000000000       
7560001300061T 0904609000000000793400001115859201014     170000000000000018072020000000000006500756046090FERNANDO BRUNOW PAIS     091000046075364234SALUTE                                  00000000000000000000000100000000013                 
7560001300062U 090000000000000000000000000000000000000000000000000000000000000000000000000000000000000000000000000000000000000000000000002007202000000000    00000000000000000000000                        17095375600000000000000000000       
7560001300063T 0904609000000000793400001115872901014     190000000000000019072020000000000006500756046090MARIA ANTONIA PEREIRA    091000012469057876SALUTE                                  00000000000000000000000100000000013                 
7560001300064U 090000000000000000000000000000000000000000000000000000000000000000000000000000000000000000000000000000000000000000000000002007202000000000    00000000000000000000000                        17095475600000000000000000000       
7560001300065T 0904609000000000793400001115885401014     115000000000000020072020000000000006500756046090ARIENE GOMES MARTINS     091000038908568883SALUTE                                  00000000000000000000000100000000013                 
7560001300066U 090000000000000000000000000000000000000000000000000000000000000000000000000000000000000000000000000000000000000000000000002107202000000000    00000000000000000000000                        17123675600000000000000000000       
7560001300067T 0904609000000000793400001115898001014     113000000000000020072020000000000007000756046090SONIA NOGUEIRA LIMA      091000073377554220SALUTE                                  00000000000000000000000100000000013                 
7560001300068U 090000000000000000000000000000000000000000000000000000000000000000000000000000000000000000000000000000000000000000000000002107202000000000    00000000000000000000000                        17123775600000000000000000000       
7560001300069T 0904609000000000793400001115911101014     119000000000000021072020000000000006500756046090MILENA LARA NASCIMENTO SO091000084578580253SALUTE                                  00000000000000000000000100000000013                 
7560001300070U 090000000000000000000000000000000000000000000000000000000000000000000000000000000000000000000000000000000000000000000000002207202000000000    00000000000000000000000                        17149975600000000000000000000       
7560001300071T 0904609000000000793400001115924701014     117000000000000021072020000000000006500756046090ELISILDA DE OLIVEIRA SILV091000040632148500SALUTE                                  00000000000000000000000100000000013                 
7560001300072U 090000000000000000000000000000000000000000000000000000000000000000000000000000000000000000000000000000000000000000000000002207202000000000    00000000000000000000000                        17150075600000000000000000000       
7560001300073T 0904609000000000793400001115937201014     121000000000000021072020000000000006500756046090DEUSIMAR ALVES PEREIRA   091000010777300206SALUTE                                  00000000000000000000000100000000013                 
7560001300074U 090000000000000000000000000000000000000000000000000000000000000000000000000000000000000000000000000000000000000000000000002207202000000000    00000000000000000000000                        17150175600000000000000000000       
7560001300075T 0904609000000000793400001115950901014     123000000000000021072020000000000007000756046090SANDRO BARBOSA RIBEIRO   091000072044675234SALUTE                                  00000000000000000000000100000000013                 
7560001300076U 090000000000000000000000000000000000000000000000000000000000000000000000000000000000000000000000000000000000000000000000002207202000000000    00000000000000000000000                        17150275600000000000000000000       
7560001300077T 0904609000000000793400001115964101014     127000000000000022072020000000000006500756046090RAQUEL SIMONE DIAS NASCIM091000042965950249SALUTE                                  00000000000000000000000100000000013                 
7560001300078U 090000000000000000000000000000000000000000000000000000000000000000000000000000000000000000000000000000000000000000000000002307202000000000    00000000000000000000000                        17167875600000000000000000000       
7560001300079T 0904609000000000793400001115976001014     131000000000000022072020000000000006750756046090ANDREA ALVES LAGES OLIVEI091000056558660300SALUTE                                  00000000000000000000000100000000013                 
7560001300080U 090000000000000000000000000000000000000000000000000000000000000000000000000000000000000000000000000000000000000000000000002307202000000000    00000000000000000000000                        17167975600000000000000000000       
7560001300081T 0904609000000000793400001116911001014     150000000000000018072020000000000006500756046090Hamilton Costa Neto      091000079776302572SALUTE                                  00000000000000000000000100000000013                 
7560001300082U 090000000000000000000000000000000000000000000000000000000000000000000000000000000000000000000000000000000000000000000000002007202000000000    00000000000000000000000                        17095575600000000000000000000       
75600015         00008400004100000000000267750000000000000000000000000000000000000000000000000000000000000000000000                                                                                                                             
75699999         000001000086000000                                                                                                                                                                                                             
