
75600000         235812309000160                    04609000000000793400SALUTE ATIVIDADES DE INTERMEDISICOOB                                  20107202018015200000108500000                                                                     
75600011T01  043 2035812309000160          460900000804609000000000793400SALUTE ATIVIDADES DE INTERMEDI                                                                                000000000107202000000000                                 
7560001300001T 1104609000000000793400001115647001014     130000000000000029062020000000000006500756046090CRISTIANO LOPES PEIXOTO J091000002342989288SALUTE                                  00000000000000000000000000000000000                 
7560001300002U 110000000000000000000000000000000000000000000000000000000000000000000000000000000000000000000000000000000000000000000000000107202000000000    00000000000000000000000                              75600000000000000000000       
7560001300003T 1104609000000000793400001116352101014     113000000000000029062020000000000006500756046090MARIA DO SOCORRO SAMPAIO 091000058853189215SALUTE                                  00000000000000000000000000000000000                 
7560001300004U 110000000000000000000000000000000000000000000000000000000000000000000000000000000000000000000000000000000000000000000000000107202000000000    00000000000000000000000                              75600000000000000000000       
7560001300005T 1104609000000000793400001116365701014     190000000000000029062020000000000006500756046090MICHAEL JHONNE OLIVEIRA S091000076315347215SALUTE                                  00000000000000000000000000000000000                 
7560001300006U 110000000000000000000000000000000000000000000000000000000000000000000000000000000000000000000000000000000000000000000000000107202000000000    00000000000000000000000                              75600000000000000000000       
7560001300007T 1104609000000000793400001116391901014     111000000000000029062020000000000006500756046090EDMILSON RUFINO LOPES    091000000544823214SALUTE                                  00000000000000000000000000000000000                 
7560001300008U 110000000000000000000000000000000000000000000000000000000000000000000000000000000000000000000000000000000000000000000000000107202000000000    00000000000000000000000                              75600000000000000000000       
7560001300009T 1104609000000000793400001116417501014     170000000000000029062020000000000006500756046090LUANA NEVES ALVES        091000002669959261SALUTE                                  00000000000000000000000000000000000                 
7560001300010U 110000000000000000000000000000000000000000000000000000000000000000000000000000000000000000000000000000000000000000000000000107202000000000    00000000000000000000000                              75600000000000000000000       
7560001300011T 1104609000000000793400001116443701014     110000000000000029062020000000000007000756046090BARBARA DA SILVA OLIVEIRA091000064041476291SALUTE                                  00000000000000000000000000000000000                 
7560001300012U 110000000000000000000000000000000000000000000000000000000000000000000000000000000000000000000000000000000000000000000000000107202000000000    00000000000000000000000                              75600000000000000000000       
7560001300013T 1104609000000000793400001116807901014     150000000000000029062020000000000006500756046090MICHAEL JHONNE OLIVEIRA S091000076315347215SALUTE                                  00000000000000000000000000000000000                 
7560001300014U 110000000000000000000000000000000000000000000000000000000000000000000000000000000000000000000000000000000000000000000000000107202000000000    00000000000000000000000                              75600000000000000000000       
7560001300015T 0304609000000000793400001115647001014     130000000000000029062020000000000006500756046090CRISTIANO LOPES PEIXOTO J091000002342989288SALUTE                                  00000000000000000000000000000000017                 
7560001300016U 030000000000000000000000000000000000000000000000000000000000000000000000000000000000000000000000000000000000000000000000003006202000000000    00000000000000000000000                              75600000000000000000000       
7560001300017T 0304609000000000793400001116352101014     113000000000000029062020000000000006500756046090MARIA DO SOCORRO SAMPAIO 091000058853189215SALUTE                                  00000000000000000000000000000000017                 
7560001300018U 030000000000000000000000000000000000000000000000000000000000000000000000000000000000000000000000000000000000000000000000003006202000000000    00000000000000000000000                              75600000000000000000000       
7560001300019T 0304609000000000793400001116365701014     190000000000000029062020000000000006500756046090MICHAEL JHONNE OLIVEIRA S091000076315347215SALUTE                                  00000000000000000000000000000000017                 
7560001300020U 030000000000000000000000000000000000000000000000000000000000000000000000000000000000000000000000000000000000000000000000003006202000000000    00000000000000000000000                              75600000000000000000000       
7560001300021T 0304609000000000793400001116391901014     111000000000000029062020000000000006500756046090EDMILSON RUFINO LOPES    091000000544823214SALUTE                                  00000000000000000000000000000000017                 
7560001300022U 030000000000000000000000000000000000000000000000000000000000000000000000000000000000000000000000000000000000000000000000003006202000000000    00000000000000000000000                              75600000000000000000000       
7560001300023T 0304609000000000793400001116417501014     170000000000000029062020000000000006500756046090LUANA NEVES ALVES        091000002669959261SALUTE                                  00000000000000000000000000000000017                 
7560001300024U 030000000000000000000000000000000000000000000000000000000000000000000000000000000000000000000000000000000000000000000000003006202000000000    00000000000000000000000                              75600000000000000000000       
7560001300025T 0304609000000000793400001116443701014     110000000000000029062020000000000007000756046090BARBARA DA SILVA OLIVEIRA091000064041476291SALUTE                                  00000000000000000000000000000000017                 
7560001300026U 030000000000000000000000000000000000000000000000000000000000000000000000000000000000000000000000000000000000000000000000003006202000000000    00000000000000000000000                              75600000000000000000000       
7560001300027T 0304609000000000793400001116807901014     150000000000000029062020000000000006500756046090MICHAEL JHONNE OLIVEIRA S091000076315347215SALUTE                                  00000000000000000000000000000000017                 
7560001300028U 030000000000000000000000000000000000000000000000000000000000000000000000000000000000000000000000000000000000000000000000003006202000000000    00000000000000000000000                              75600000000000000000000       
75600015         00003000001400000000000092000000000000000000000000000000000000000000000000000000000000000000000000                                                                                                                             
75699999         000001000032000000                                                                                                                                                                                                             
