75600000         235812309000160                    04609000000000793400SALUTE ATIVIDADES DE INTERMEDISICOOB                                  22209202014505400006008500000                                                                     
75600011T01  043 2035812309000160          460900000804609000000000793400SALUTE ATIVIDADES DE INTERMEDI                                                                                000000002209202000000000                                 
7560001300001T 0904609000000000793400001115417601014     113110000000000020092020000000000006500756046090Hamilton Costa Neto      091000079776302572Hamilton Costa Neto                     00000000000000000000000100000000013                 
7560001300002U 090000000000000000000000000000000000000000000000000000000000000000000000000000000000000000000000000000000000000000000000002109202000000000    00000000000000000000000                        19377575600000000000000000000       
7560001300003T 0904609000000000793400001115561201014     112930000000000017092020000000000006500756046090DIVANILSON DOS REIS CUNHA091000073194603272SALUTE                                  00000000000000000000000100000000013                 
7560001300004U 090000000000000000000000000000000000000000000000000000000000000000000000000000000000000000000000000000000000000000000000001809202000000000    00000000000000000000000                        19310775600000000000000000000       
7560001300005T 0904609000000000793400001115573001014     112950000000000017092020000000000006500756046090RACHEL BORGES DIAS       091000000418085250SALUTE                                  00000000000000000000000100000000013                 
7560001300006U 090000000000000000000000000000000000000000000000000000000000000000000000000000000000000000000000000000000000000000000000001809202000000000    00000000000000000000000                        19310875600000000000000000000       
7560001300007T 0904609000000000793400001115822001014     112910000000000016092020000000000006500756046090THIAGO MARTINS DE SOUZA  091000011127168746SALUTE                                  00000000000000000000000100000000013                 
7560001300008U 090000000000000000000000000000000000000000000000000000000000000000000000000000000000000000000000000000000000000000000000001709202000000000    00000000000000000000000                        19280275600000000000000000000       
7560001300009T 0904609000000000793400001115835601014     113010000000000018092020000000000006500756046090AGOSTINHA DE JESUS RODRIG091000040766110397SALUTE                                  00000000000000000000000100000000013                 
7560001300010U 090000000000000000000000000000000000000000000000000000000000000000000000000000000000000000000000000000000000000000000000002109202000000000    00000000000000000000000                        19377675600000000000000000000       
7560001300011T 0904609000000000793400001115848101014     112970000000000018092020000000000006500756046090CECI FERREIRA DE OLIVEIRA091000003996832249SALUTE                                  00000000000000000000000100000000013                 
7560001300012U 090000000000000000000000000000000000000000000000000000000000000000000000000000000000000000000000000000000000000000000000002109202000000000    00000000000000000000000                        19377775600000000000000000000       
7560001300013T 0904609000000000793400001115861801014     113030000000000018092020000000000006500756046090FERNANDO BRUNOW PAIS     091000046075364234SALUTE                                  00000000000000000000000100000000013                 
7560001300014U 090000000000000000000000000000000000000000000000000000000000000000000000000000000000000000000000000000000000000000000000002109202000000000    00000000000000000000000                        19377875600000000000000000000       
7560001300015T 0904609000000000793400001115874301014     113050000000000019092020000000000006500756046090MARIA ANTONIA PEREIRA    091000012469057876SALUTE                                  00000000000000000000000100000000013                 
7560001300016U 090000000000000000000000000000000000000000000000000000000000000000000000000000000000000000000000000000000000000000000000002109202000000000    00000000000000000000000                        19377975600000000000000000000       
7560001300017T 0904609000000000793400001115887901014     113070000000000020092020000000000006500756046090ARIENE GOMES MARTINS     091000038908568883SALUTE                                  00000000000000000000000100000000013                 
7560001300018U 090000000000000000000000000000000000000000000000000000000000000000000000000000000000000000000000000000000000000000000000002109202000000000    00000000000000000000000                        19378075600000000000000000000       
7560001300019T 0604609000000000793400001115900001014     113090000000000020092020000000000007000104043980SONIA NOGUEIRA LIMA      091000073377554220SALUTE                                  00000000000000000000001550000000004                 
7560001300020U 060000000000000000000000000000000000000000000000000000000000000000000000070000000000000070000000000000000000000000000000001809202021092020    00000000000000000000000                        19304675600000000000000000000       
7560001300021T 0904609000000000793400001116913501014     112990000000000018092020000000000006500756046090Hamilton Costa Neto      091000079776302572Hamilton Costa Neto                     00000000000000000000000100000000013                 
7560001300022U 090000000000000000000000000000000000000000000000000000000000000000000000000000000000000000000000000000000000000000000000002109202000000000    00000000000000000000000                        19378175600000000000000000000       
7560001300023T 1104609000000000793400001115586601014     113250000000000022092020000000000006500756046090VERA LUCIA MENDES DIAS   091000063289180204SALUTE                                  00000000000000000000000000000000000                 
7560001300024U 110000000000000000000000000000000000000000000000000000000000000000000000000000000000000000000000000000000000000000000000002209202000000000    00000000000000000000000                              75600000000000000000000       
7560001300025T 1104609000000000793400001115599101014     113210000000000022092020000000000006500756046090ENILZA DE SOUZA DO CARMO 091000039221571220SALUTE                                  00000000000000000000000000000000000                 
7560001300026U 110000000000000000000000000000000000000000000000000000000000000000000000000000000000000000000000000000000000000000000000002209202000000000    00000000000000000000000                              75600000000000000000000       
7560001300027T 1104609000000000793400001115913601014     113170000000000021092020000000000006500756046090MILENA LARA NASCIMENTO SO091000084578580253SALUTE                                  00000000000000000000000000000000000                 
7560001300028U 110000000000000000000000000000000000000000000000000000000000000000000000000000000000000000000000000000000000000000000000002209202000000000    00000000000000000000000                              75600000000000000000000       
7560001300029T 1104609000000000793400001115926101014     113150000000000021092020000000000006500756046090ELISILDA DE OLIVEIRA SILV091000040632148500SALUTE                                  00000000000000000000000000000000000                 
7560001300030U 110000000000000000000000000000000000000000000000000000000000000000000000000000000000000000000000000000000000000000000000002209202000000000    00000000000000000000000                              75600000000000000000000       
7560001300031T 1104609000000000793400001115939701014     113130000000000021092020000000000006500756046090DEUSIMAR ALVES PEREIRA   091000010777300206SALUTE                                  00000000000000000000000000000000000                 
7560001300032U 110000000000000000000000000000000000000000000000000000000000000000000000000000000000000000000000000000000000000000000000002209202000000000    00000000000000000000000                              75600000000000000000000       
7560001300033T 1104609000000000793400001115952301014     113190000000000021092020000000000007000756046090SANDRO BARBOSA RIBEIRO   091000072044675234SALUTE                                  00000000000000000000000000000000000                 
7560001300034U 110000000000000000000000000000000000000000000000000000000000000000000000000000000000000000000000000000000000000000000000002209202000000000    00000000000000000000000                              75600000000000000000000       
7560001300035T 1104609000000000793400001115966601014     113270000000000022092020000000000006500756046090RAQUEL SIMONE DIAS NASCIM091000042965950249SALUTE                                  00000000000000000000000000000000000                 
7560001300036U 110000000000000000000000000000000000000000000000000000000000000000000000000000000000000000000000000000000000000000000000002209202000000000    00000000000000000000000                              75600000000000000000000       
7560001300037T 1104609000000000793400001115978401014     113230000000000022092020000000000006750756046090ANDREA ALVES LAGES OLIVEI091000056558660300SALUTE                                  00000000000000000000000000000000000                 
7560001300038U 110000000000000000000000000000000000000000000000000000000000000000000000000000000000000000000000000000000000000000000000002209202000000000    00000000000000000000000                              75600000000000000000000       
75600015         00004000001900000000000124750000000000000000000000000000000000000000000000000000000000000000000000                                                                                                                             
75699999         000001000042000000                                                                                                                                                                                                             
