75600000         235812309000160                    04609000000000793400SALUTE ATIVIDADES DE INTERMEDISICOOB                                  21610202017342500007108500000                                                                     
75600011T01  043 2035812309000160          460900000804609000000000793400SALUTE ATIVIDADES DE INTERMEDI                                                                                000000001610202000000000                                 
7560001300001T 0904609000000000793400001115758301014     119290000000000014102020000000000007250756046090FABRICIO PEREIRA LIMA SIL091000069526087291SALUTE                                  00000000000000000000000100000000013                 
7560001300002U 090000000000000000000000000000000000000000000000000000000000000000000000000000000000000000000000000000000000000000000000001510202000000000    00000000000000000000000                        20387375600000000000000000000       
7560001300003T 0904609000000000793400001115771001014     119270000000000013102020000000000006500756046090ZACARIAS BARBOSA MONTEIRO091000070700907220SALUTE                                  00000000000000000000000100000000013                 
7560001300004U 090000000000000000000000000000000000000000000000000000000000000000000000000000000000000000000000000000000000000000000000001410202000000000    00000000000000000000000                        20345175600000000000000000000       
7560001300005T 0904609000000000793400001115784501014     119230000000000013102020000000000006500756046090ANA AMELIA AMORIM RODRIGU091000023420359268SALUTE                                  00000000000000000000000100000000013                 
7560001300006U 090000000000000000000000000000000000000000000000000000000000000000000000000000000000000000000000000000000000000000000000001410202000000000    00000000000000000000000                        20345275600000000000000000000       
7560001300007T 0604609000000000793400001117512001014     119370000000000015102020000000000006500104006830VERIDIANA DE OLIVEIRA SAN091000070227306368SALUTE                                  00000000000000000000001550000000004                 
7560001300008U 060000000000000000000000000000000000000000000000000000000000000000000000065000000000000065000000000000000000000000000000001510202000000000    00000000000000000000000                        20371675600000000000000000000       
7560001300009T 0904609000000000793400001119156401014     119250000000000013102020000000000006500756046090LEANDRO BATISTA MELO     091000080641148291SALUTE                                  00000000000000000000000100000000013                 
7560001300010U 090000000000000000000000000000000000000000000000000000000000000000000000000000000000000000000000000000000000000000000000001410202000000000    00000000000000000000000                        20345375600000000000000000000       
7560001300011T 1104609000000000793400001115797001014     119330000000000015102020000000000006500756046090KATIA SILENE DA COSTA VAL091000029642078287SALUTE                                  00000000000000000000000000000000000                 
7560001300012U 110000000000000000000000000000000000000000000000000000000000000000000000000000000000000000000000000000000000000000000000001610202000000000    00000000000000000000000                              75600000000000000000000       
7560001300013T 1104609000000000793400001115810201014     119390000000000015102020000000000006500756046090CARPEGIANE PEREIRA LIMA  091000082311595253SALUTE                                  00000000000000000000000000000000000                 
7560001300014U 110000000000000000000000000000000000000000000000000000000000000000000000000000000000000000000000000000000000000000000000001610202000000000    00000000000000000000000                              75600000000000000000000       
7560001300015T 1104609000000000793400001115823801014     119450000000000016102020000000000006500756046090THIAGO MARTINS DE SOUZA  091000011127168746SALUTE                                  00000000000000000000000000000000000                 
7560001300016U 110000000000000000000000000000000000000000000000000000000000000000000000000000000000000000000000000000000000000000000000001610202000000000    00000000000000000000000                              75600000000000000000000       
7560001300017T 1104609000000000793400001117460101014     119310000000000015102020000000000006500756046090SIMONE PEREIRA LIMA      091000051697025234SALUTE                                  00000000000000000000000000000000000                 
7560001300018U 110000000000000000000000000000000000000000000000000000000000000000000000000000000000000000000000000000000000000000000000001610202000000000    00000000000000000000000                              75600000000000000000000       
7560001300019T 1104609000000000793400001117473701014     119430000000000015102020000000000006500756046090IOLETE LOPES BARBOSA SOUS091000024819239287SALUTE                                  00000000000000000000000000000000000                 
7560001300020U 110000000000000000000000000000000000000000000000000000000000000000000000000000000000000000000000000000000000000000000000001610202000000000    00000000000000000000000                              75600000000000000000000       
7560001300021T 1104609000000000793400001117486201014     119350000000000015102020000000000007000756046090FRANCISCA LEANDRO ARAUJO 091000068974272253SALUTE                                  00000000000000000000000000000000000                 
7560001300022U 110000000000000000000000000000000000000000000000000000000000000000000000000000000000000000000000000000000000000000000000001610202000000000    00000000000000000000000                              75600000000000000000000       
7560001300023T 1104609000000000793400001117499801014     119410000000000015102020000000000006500756046090ERONILSON SILVA DA LUZ   091000080740774387SALUTE                                  00000000000000000000000000000000000                 
7560001300024U 110000000000000000000000000000000000000000000000000000000000000000000000000000000000000000000000000000000000000000000000001610202000000000    00000000000000000000000                              75600000000000000000000       
75600015         00002600001200000000000079250000000000000000000000000000000000000000000000000000000000000000000000                                                                                                                             
75699999         000001000028000000                                                                                                                                                                                                             
