75600000         235812309000160                    04609000000000793400SALUTE ATIVIDADES DE INTERMEDISICOOB                                  20610202016313700006708500000                                                                     
75600011T01  043 2035812309000160          460900000804609000000000793400SALUTE ATIVIDADES DE INTERMEDI                                                                                000000000610202000000000                                 
7560001300001T 0904609000000000793400001115991001014     113330000000000025092020000000000006500756046090LUIS PINTO DE ARAUJO     091000031806775204SALUTE                                  00000000000000000000000100000000013                 
7560001300002U 090000000000000000000000000000000000000000000000000000000000000000000000000000000000000000000000000000000000000000000000002809202000000000    00000000000000000000000                        19545175600000000000000000000       
7560001300003T 0904609000000000793400001116004201014     113390000000000025092020000000000006500756046090LUCAS BRAZ DA SILVA      091000004061839292SALUTE                                  00000000000000000000000100000000013                 
7560001300004U 090000000000000000000000000000000000000000000000000000000000000000000000000000000000000000000000000000000000000000000000002809202000000000    00000000000000000000000                        19545275600000000000000000000       
7560001300005T 0904609000000000793400001116017801014     113370000000000025092020000000000006500756046090PEDRO DENIZE RODRIGUES OL091000005645921291SALUTE                                  00000000000000000000000100000000013                 
7560001300006U 090000000000000000000000000000000000000000000000000000000000000000000000000000000000000000000000000000000000000000000000002809202000000000    00000000000000000000000                        19545375600000000000000000000       
7560001300007T 0904609000000000793400001116030401014     113350000000000025092020000000000006500756046090ANTONIO SOARES DE ANDRADE091000010691693404SALUTE                                  00000000000000000000000100000000013                 
7560001300008U 090000000000000000000000000000000000000000000000000000000000000000000000000000000000000000000000000000000000000000000000002809202000000000    00000000000000000000000                        19545475600000000000000000000       
7560001300009T 0904609000000000793400001116043001014     113530000000000026092020000000000006500756046090ANTONIO LOURENCO DA CRUZ 091000067333079287SALUTE                                  00000000000000000000000100000000013                 
7560001300010U 090000000000000000000000000000000000000000000000000000000000000000000000000000000000000000000000000000000000000000000000002809202000000000    00000000000000000000000                        19545575600000000000000000000       
7560001300011T 0904609000000000793400001116056501014     113430000000000026092020000000000006500756046090SIMONE DA SILVA MORAES   091000000661383296SALUTE                                  00000000000000000000000100000000013                 
7560001300012U 090000000000000000000000000000000000000000000000000000000000000000000000000000000000000000000000000000000000000000000000002809202000000000    00000000000000000000000                        19545675600000000000000000000       
7560001300013T 0904609000000000793400001116069001014     113470000000000026092020000000000006500756046090WILLIAM MARTINS DA SILVA 091000059503599253SALUTE                                  00000000000000000000000100000000013                 
7560001300014U 090000000000000000000000000000000000000000000000000000000000000000000000000000000000000000000000000000000000000000000000002809202000000000    00000000000000000000000                        19545775600000000000000000000       
7560001300015T 0904609000000000793400001116082701014     113410000000000026092020000000000006500756046090ERIDENES DE FREITAS COSTA091000013462668838SALUTE                                  00000000000000000000000100000000013                 
7560001300016U 090000000000000000000000000000000000000000000000000000000000000000000000000000000000000000000000000000000000000000000000002809202000000000    00000000000000000000000                        19545875600000000000000000000       
7560001300017T 0904609000000000793400001116095201014     113450000000000026092020000000000006750756046090ANGELA MARIA GASPARINE   091000039252531220SALUTE                                  00000000000000000000000100000000013                 
7560001300018U 090000000000000000000000000000000000000000000000000000000000000000000000000000000000000000000000000000000000000000000000002809202000000000    00000000000000000000000                        19545975600000000000000000000       
7560001300019T 0904609000000000793400001116108301014     113490000000000026092020000000000007000756046090FRANCISCO DAS CHAGAS LOPE091000000670437123SALUTE                                  00000000000000000000000100000000013                 
7560001300020U 090000000000000000000000000000000000000000000000000000000000000000000000000000000000000000000000000000000000000000000000002809202000000000    00000000000000000000000                        19546075600000000000000000000       
7560001300021T 0904609000000000793400001116120201014     113510000000000026092020000000000006500756046090ECIONEIDE BARBOSA MENDES 091000074279467234SALUTE                                  00000000000000000000000100000000013                 
7560001300022U 090000000000000000000000000000000000000000000000000000000000000000000000000000000000000000000000000000000000000000000000002809202000000000    00000000000000000000000                        19546175600000000000000000000       
7560001300023T 0904609000000000793400001116134501014     113630000000000027092020000000000006500756046090RANES DEAN OLIVEIRA LIMA 091000057667160368SALUTE                                  00000000000000000000000100000000013                 
7560001300024U 090000000000000000000000000000000000000000000000000000000000000000000000000000000000000000000000000000000000000000000000002809202000000000    00000000000000000000000                        19546275600000000000000000000       
7560001300025T 0904609000000000793400001116147001014     113750000000000027092020000000000006500756046090ANTONIA CLAUDINEIDE CAVAL091000061324736291SALUTE                                  00000000000000000000000100000000013                 
7560001300026U 090000000000000000000000000000000000000000000000000000000000000000000000000000000000000000000000000000000000000000000000002809202000000000    00000000000000000000000                        19546375600000000000000000000       
7560001300027T 0904609000000000793400001116160701014     113670000000000027092020000000000006500756046090MARLENE APARECIDA RODRIGU091000000092732631SALUTE                                  00000000000000000000000100000000013                 
7560001300028U 090000000000000000000000000000000000000000000000000000000000000000000000000000000000000000000000000000000000000000000000002809202000000000    00000000000000000000000                        19546475600000000000000000000       
7560001300029T 0904609000000000793400001116186801014     113690000000000027092020000000000006500756046090NAYARA ROCHA DE FARIA    091000093640196287SALUTE                                  00000000000000000000000100000000013                 
7560001300030U 090000000000000000000000000000000000000000000000000000000000000000000000000000000000000000000000000000000000000000000000002809202000000000    00000000000000000000000                        19546575600000000000000000000       
7560001300031T 0904609000000000793400001116212501014     113650000000000027092020000000000006500756046090MARIA ZELIA DE CASTRO    091000042495512291SALUTE                                  00000000000000000000000100000000013                 
7560001300032U 090000000000000000000000000000000000000000000000000000000000000000000000000000000000000000000000000000000000000000000000002809202000000000    00000000000000000000000                        19546675600000000000000000000       
7560001300033T 0904609000000000793400001116225001014     113730000000000027092020000000000006500756046090AMELIA DA SILVA DUTRA    091000097001163287SALUTE                                  00000000000000000000000100000000013                 
7560001300034U 090000000000000000000000000000000000000000000000000000000000000000000000000000000000000000000000000000000000000000000000002809202000000000    00000000000000000000000                        19546775600000000000000000000       
7560001300035T 0904609000000000793400001116238601014     113590000000000027092020000000000007000756046090EDILSON BARBOSA GONCALVES091000014076667204SALUTE                                  00000000000000000000000100000000013                 
7560001300036U 090000000000000000000000000000000000000000000000000000000000000000000000000000000000000000000000000000000000000000000000002809202000000000    00000000000000000000000                        19546875600000000000000000000       
7560001300037T 0904609000000000793400001116251201014     113570000000000027092020000000000006500756046090MONICA PEREIRA BARROS    091000001613110243SALUTE                                  00000000000000000000000100000000013                 
7560001300038U 090000000000000000000000000000000000000000000000000000000000000000000000000000000000000000000000000000000000000000000000002809202000000000    00000000000000000000000                        19546975600000000000000000000       
7560001300039T 0904609000000000793400001116264801014     113610000000000027092020000000000007250756046090ADRIANA SOUSA DO CARMO   091000086719327291SALUTE                                  00000000000000000000000100000000013                 
7560001300040U 090000000000000000000000000000000000000000000000000000000000000000000000000000000000000000000000000000000000000000000000002809202000000000    00000000000000000000000                        19547075600000000000000000000       
7560001300041T 0904609000000000793400001116277301014     113710000000000027092020000000000006500756046090BRUNA PEREIRA DOS SANTOS 091000097706930220SALUTE                                  00000000000000000000000100000000013                 
7560001300042U 090000000000000000000000000000000000000000000000000000000000000000000000000000000000000000000000000000000000000000000000002809202000000000    00000000000000000000000                        19547175600000000000000000000       
7560001300043T 0604609000000000793400001116329101014     113790000000000028092020000000000006500033019220WILLIAM CALDAS CUNHA     091000083486828215SALUTE                                  00000000000000000000001550000000004                 
7560001300044U 060000000000000000000000000000000000000000000000000000000000000000000000065000000000000065000000000000000000000000000000002809202029092020    00000000000000000000000                        19498575600000000000000000000       
7560001300045T 0604609000000000793400001118328201014     114930000000000005102020000000000006500104035910RAIMUNDO NONATO DE MENESE091000059618850463SALUTE                                  00000000000000000000001550000000004                 
7560001300046U 060000000000000000000000000000000000000000000000000000000000000000000000065000000000000065000000000000000000000000000000002809202029092020    00000000000000000000000                        19520475600000000000000000000       
7560001300047T 0604609000000000793400001122017901014     110000000000000005102020000000000006500104043980FRANCISCO CESAR BRITO    091000014072890200FRANCISCO CESAR BRITO                   00000000000000000000001550000000004                 
7560001300048U 060000000000000000000000000000000000000000000000000000000000000000000000065000000000000065000000000000000000000000000000002809202029092020    00000000000000000000000                        19500575600000000000000000000       
7560001300049T 0604609000000000793400001122135301014     139000000000000010102020000000000006500104038800BALBINO FELIZARDO DA CUNH091000008209804200BALBINO FELIZARDO DA CUNHA              00000000000000000000001550000000004                 
7560001300050U 060000000000000000000000000000000000000000000000000000000000000000000000065000000000000065000000000000000000000000000000002809202029092020    00000000000000000000000                        19520575600000000000000000000       
75600015         00005200002500000000000164500000000000000000000000000000000000000000000000000000000000000000000000                                                                                                                             
75699999         000001000054000000                                                                                                                                                                                                             
