75600000         235812309000160                    04609000000000793400SALUTE ATIVIDADES DE INTERMEDISICOOB                                  22110202014565200007208500000                                                                     
75600011T01  043 2035812309000160          460900000804609000000000793400SALUTE ATIVIDADES DE INTERMEDI                                                                                000000002110202000000000                                 
7560001300001T 0904609000000000793400001115557201014     119470000000000017102020000000000006500756046090DIVANILSON DOS REIS CUNHA091000073194603272SALUTE                                  00000000000000000000000100000000013                 
7560001300002U 090000000000000000000000000000000000000000000000000000000000000000000000000000000000000000000000000000000000000000000000001910202000000000    00000000000000000000000                        20525575600000000000000000000       
7560001300003T 0904609000000000793400001115574801014     119490000000000017102020000000000006500756046090RACHEL BORGES DIAS       091000000418085250SALUTE                                  00000000000000000000000100000000013                 
7560001300004U 090000000000000000000000000000000000000000000000000000000000000000000000000000000000000000000000000000000000000000000000001910202000000000    00000000000000000000000                        20525675600000000000000000000       
7560001300005T 0904609000000000793400001115823801014     119450000000000016102020000000000006500756046090THIAGO MARTINS DE SOUZA  091000011127168746SALUTE                                  00000000000000000000000100000000013                 
7560001300006U 090000000000000000000000000000000000000000000000000000000000000000000000000000000000000000000000000000000000000000000000001910202000000000    00000000000000000000000                        20525775600000000000000000000       
7560001300007T 0904609000000000793400001115836301014     119510000000000018102020000000000006500756046090AGOSTINHA DE JESUS RODRIG091000040766110397SALUTE                                  00000000000000000000000100000000013                 
7560001300008U 090000000000000000000000000000000000000000000000000000000000000000000000000000000000000000000000000000000000000000000000001910202000000000    00000000000000000000000                        20525875600000000000000000000       
7560001300009T 0904609000000000793400001115849901014     119530000000000018102020000000000006500756046090CECI FERREIRA DE OLIVEIRA091000003996832249SALUTE                                  00000000000000000000000100000000013                 
7560001300010U 090000000000000000000000000000000000000000000000000000000000000000000000000000000000000000000000000000000000000000000000001910202000000000    00000000000000000000000                        20525975600000000000000000000       
7560001300011T 0904609000000000793400001115875001014     119590000000000019102020000000000006500756046090MARIA ANTONIA PEREIRA    091000012469057876SALUTE                                  00000000000000000000000100000000013                 
7560001300012U 090000000000000000000000000000000000000000000000000000000000000000000000000000000000000000000000000000000000000000000000002010202000000000    00000000000000000000000                        20567475600000000000000000000       
7560001300013T 0904609000000000793400001116914201014     119550000000000018102020000000000006500756046090Hamilton Costa Neto      091000079776302572Hamilton Costa Neto                     00000000000000000000000100000000013                 
7560001300014U 090000000000000000000000000000000000000000000000000000000000000000000000000000000000000000000000000000000000000000000000001910202000000000    00000000000000000000000                        20526075600000000000000000000       
7560001300015T 0604609000000000793400001122671801014     163000000000000010112020000000000006500001055680PRISCILA PABULA NUNES CHA091000089555058253PRISCILA PABULA NUNES CHAVES            00000000000000000000001550000000004                 
7560001300016U 060000000000000000000000000000000000000000000000000000000000000000000000065000000000000065000000000000000000000000000000001910202020102020    00000000000000000000000                        20425675600000000000000000000       
7560001300017T 0604609000000000793400001122990301014     159000000000000010112020000000000006500001041160JOANIELLE DE BARROS CAMPO091000000201664275JOANIELLE DE BARROS CAMPOS              00000000000000000000001550000000004                 
7560001300018U 060000000000000000000000000000000000000000000000000000000000000000000000065000000000000065000000000000000000000000000000001910202020102020    00000000000000000000000                        20424975600000000000000000000       
7560001300019T 1104609000000000793400001115418301014     119610000000000020102020000000000006500756046090Hamilton Costa Neto      091000079776302572Hamilton Costa Neto                     00000000000000000000000000000000000                 
7560001300020U 110000000000000000000000000000000000000000000000000000000000000000000000000000000000000000000000000000000000000000000000002110202000000000    00000000000000000000000                              75600000000000000000000       
7560001300021T 1104609000000000793400001115888601014     119650000000000020102020000000000006500756046090ARIENE GOMES MARTINS     091000038908568883SALUTE                                  00000000000000000000000000000000000                 
7560001300022U 110000000000000000000000000000000000000000000000000000000000000000000000000000000000000000000000000000000000000000000000002110202000000000    00000000000000000000000                              75600000000000000000000       
75600015         00002400001100000000000071500000000000000000000000000000000000000000000000000000000000000000000000                                                                                                                             
75699999         000001000026000000                                                                                                                                                                                                             
