75600000         235812309000160                    04609000000000793400SALUTE ATIVIDADES DE INTERMEDISICOOB                                  20810202017320600006808500000                                                                     
75600011T01  043 2035812309000160          460900000804609000000000793400SALUTE ATIVIDADES DE INTERMEDI                                                                                000000000810202000000000                                 
7560001300001T 0904609000000000793400000000013101014     130000000000000005102020000000000006500756046090MARIA DE FATIMA AMERICO C091000046290966200MARIA DE FATIMA AMERICO CAVALCANTE      00000000000000000000000100000000013                 
7560001300002U 090000000000000000000000000000000000000000000000000000000000000000000000000000000000000000000000000000000000000000000000000610202000000000    00000000000000000000000                        19855475600000000000000000000       
7560001300003T 0904609000000000793400000000232501014     150000000000000005102020000000000006500756046090LEONARDO SIQUEIRA MENESES091000072054310263LEONARDO SIQUEIRA MENESES               00000000000000000000000100000000013                 
7560001300004U 090000000000000000000000000000000000000000000000000000000000000000000000000000000000000000000000000000000000000000000000000610202000000000    00000000000000000000000                        19855575600000000000000000000       
7560001300005T 0904609000000000793400001115638401014     115370000000000006102020000000000006500756046090ZEZITO VIEIRA LIMA       091000008233209520SALUTE                                  00000000000000000000000100000000013                 
7560001300006U 090000000000000000000000000000000000000000000000000000000000000000000000000000000000000000000000000000000000000000000000000710202000000000    00000000000000000000000                        19915075600000000000000000000       
7560001300007T 0904609000000000793400001116797001014     115050000000000005102020000000000006500756046090GIRLANE DE ASSUNCAO SILVA091000075249987249SALUTE                                  00000000000000000000000100000000013                 
7560001300008U 090000000000000000000000000000000000000000000000000000000000000000000000000000000000000000000000000000000000000000000000000610202000000000    00000000000000000000000                        19855675600000000000000000000       
7560001300009T 0904609000000000793400001116888501014     115030000000000005102020000000000006500756046090LUZINEIA SOARES SILVA    091000061885908253SALUTE                                  00000000000000000000000100000000013                 
7560001300010U 090000000000000000000000000000000000000000000000000000000000000000000000000000000000000000000000000000000000000000000000000610202000000000    00000000000000000000000                        19855775600000000000000000000       
7560001300011T 0904609000000000793400001117006601014     115250000000000005102020000000000006500756046090MIQUEIAS DA SILVA DE SOUZ091000002120723230SALUTE                                  00000000000000000000000100000000013                 
7560001300012U 090000000000000000000000000000000000000000000000000000000000000000000000000000000000000000000000000000000000000000000000000610202000000000    00000000000000000000000                        19855875600000000000000000000       
7560001300013T 0904609000000000793400001117070801014     114970000000000005102020000000000006500756046090SHIRLENE BEZERRA DOS SANT091000039203727272SALUTE                                  00000000000000000000000100000000013                 
7560001300014U 090000000000000000000000000000000000000000000000000000000000000000000000000000000000000000000000000000000000000000000000000610202000000000    00000000000000000000000                        19855975600000000000000000000       
7560001300015T 0904609000000000793400001117083301014     115230000000000005102020000000000006750756046090FRANCISCO NORONHA DA SILV091000039542300204SALUTE                                  00000000000000000000000100000000013                 
7560001300016U 090000000000000000000000000000000000000000000000000000000000000000000000000000000000000000000000000000000000000000000000000610202000000000    00000000000000000000000                        19856075600000000000000000000       
7560001300017T 0904609000000000793400001117109001014     115210000000000005102020000000000006500756046090SERGIO ROBERTO DIAS CALDE091000030196388287SALUTE                                  00000000000000000000000100000000013                 
7560001300018U 090000000000000000000000000000000000000000000000000000000000000000000000000000000000000000000000000000000000000000000000000610202000000000    00000000000000000000000                        19856175600000000000000000000       
7560001300019T 0904609000000000793400001117122601014     115110000000000005102020000000000006500756046090LEONARDO DUARTE BRASIL   091000086005642200SALUTE                                  00000000000000000000000100000000013                 
7560001300020U 090000000000000000000000000000000000000000000000000000000000000000000000000000000000000000000000000000000000000000000000000610202000000000    00000000000000000000000                        19856275600000000000000000000       
7560001300021T 0904609000000000793400001117603501014     115010000000000005102020000000000007000756046090LUZINALDO DE SOUZA RIBEIR091000039251837287SALUTE                                  00000000000000000000000100000000013                 
7560001300022U 090000000000000000000000000000000000000000000000000000000000000000000000000000000000000000000000000000000000000000000000000610202000000000    00000000000000000000000                        19856375600000000000000000000       
7560001300023T 0904609000000000793400001118084001014     115190000000000005102020000000000006500756046090ROGERIO MENDONCA DE OLIVE091000052385884291SALUTE                                  00000000000000000000000100000000013                 
7560001300024U 090000000000000000000000000000000000000000000000000000000000000000000000000000000000000000000000000000000000000000000000000610202000000000    00000000000000000000000                        19856475600000000000000000000       
7560001300025T 0904609000000000793400001118149301014     115170000000000005102020000000000006500756046090EDNA LIMA ALVES          091000029965012253SALUTE                                  00000000000000000000000100000000013                 
7560001300026U 090000000000000000000000000000000000000000000000000000000000000000000000000000000000000000000000000000000000000000000000000610202000000000    00000000000000000000000                        19856575600000000000000000000       
7560001300027T 0904609000000000793400001118263901014     115330000000000005102020000000000006500756046090RENATA ALVES SANTOS      091000069415544287SALUTE                                  00000000000000000000000100000000013                 
7560001300028U 090000000000000000000000000000000000000000000000000000000000000000000000000000000000000000000000000000000000000000000000000610202000000000    00000000000000000000000                        19856675600000000000000000000       
7560001300029T 0904609000000000793400001118276401014     115070000000000005102020000000000006500756046090AMANDA RIBEIRO DE OLIVEIR091000003846760226SALUTE                                  00000000000000000000000100000000013                 
7560001300030U 090000000000000000000000000000000000000000000000000000000000000000000000000000000000000000000000000000000000000000000000000610202000000000    00000000000000000000000                        19856775600000000000000000000       
7560001300031T 0904609000000000793400001118419801014     115290000000000005102020000000000006500756046090KELVIA HELLEN COSTA BARBO091000075037971268SALUTE                                  00000000000000000000000100000000013                 
7560001300032U 090000000000000000000000000000000000000000000000000000000000000000000000000000000000000000000000000000000000000000000000000610202000000000    00000000000000000000000                        19856875600000000000000000000       
7560001300033T 0904609000000000793400001118562701014     115090000000000005102020000000000006500756046090JOAQUIM CUNHA RODRIGUES  091000030739306200SALUTE                                  00000000000000000000000100000000013                 
7560001300034U 090000000000000000000000000000000000000000000000000000000000000000000000000000000000000000000000000000000000000000000000000610202000000000    00000000000000000000000                        19856975600000000000000000000       
7560001300035T 0904609000000000793400001118844001014     115270000000000005102020000000000006500756046090AURENICE DA SILVA MENDONC091000039281175215SALUTE                                  00000000000000000000000100000000013                 
7560001300036U 090000000000000000000000000000000000000000000000000000000000000000000000000000000000000000000000000000000000000000000000000610202000000000    00000000000000000000000                        19857075600000000000000000000       
7560001300037T 0904609000000000793400001119065901014     115310000000000005102020000000000006500756046090SEBASTIAO SA E LIMA      091000037406701772SALUTE                                  00000000000000000000000100000000013                 
7560001300038U 090000000000000000000000000000000000000000000000000000000000000000000000000000000000000000000000000000000000000000000000000610202000000000    00000000000000000000000                        19857175600000000000000000000       
7560001300039T 0904609000000000793400001119621601014     115350000000000005102020000000000006500756046090MARIA NELIA CORREA CLARIN091000065605063200SALUTE                                  00000000000000000000000100000000013                 
7560001300040U 090000000000000000000000000000000000000000000000000000000000000000000000000000000000000000000000000000000000000000000000000610202000000000    00000000000000000000000                        19857275600000000000000000000       
7560001300041T 0904609000000000793400001119777001014     114990000000000005102020000000000006500756046090MARTA GOMES DA SILVA     091000040529282100SALUTE                                  00000000000000000000000100000000013                 
7560001300042U 090000000000000000000000000000000000000000000000000000000000000000000000000000000000000000000000000000000000000000000000000610202000000000    00000000000000000000000                        19857375600000000000000000000       
7560001300043T 0904609000000000793400001119855001014     190000000000000005102020000000000006750756046090ITAMAR GELZA CHAVES      091000060253576253SALUTE                                  00000000000000000000000100000000013                 
7560001300044U 090000000000000000000000000000000000000000000000000000000000000000000000000000000000000000000000000000000000000000000000000610202000000000    00000000000000000000000                        19857475600000000000000000000       
7560001300045T 0904609000000000793400001120024201014     115500000000000005102020000000000006500756046090MARIA DELZA MARTINS ARAUJ091000028776992268SALUTE                                  00000000000000000000000100000000013                 
7560001300046U 090000000000000000000000000000000000000000000000000000000000000000000000000000000000000000000000000000000000000000000000000610202000000000    00000000000000000000000                        19857575600000000000000000000       
7560001300047T 0604609000000000793400001120298001014     118900000000000010102020000000000006500001005650SALOMAO TEIXEIRA LOPES   091000014126257268SALUTE                                  00000000000000000000001550000000004                 
7560001300048U 060000000000000000000000000000000000000000000000000000000000000000000000065000000000000065000000000000000000000000000000000610202007102020    00000000000000000000000                        19840175600000000000000000000       
7560001300049T 0904609000000000793400001120339801014     115300000000000005102020000000000006500756046090ANA PAULA BRITO ALVES    091000074339893234SALUTE                                  00000000000000000000000100000000013                 
7560001300050U 090000000000000000000000000000000000000000000000000000000000000000000000000000000000000000000000000000000000000000000000000610202000000000    00000000000000000000000                        19857675600000000000000000000       
7560001300051T 0904609000000000793400001120562101014     115000000000000005102020000000000006500756046090SERGIO MARCIO DANTAS MANI091000044643381353SERGIO MARCIO DANTAS MANICOBA           00000000000000000000000100000000013                 
7560001300052U 090000000000000000000000000000000000000000000000000000000000000000000000000000000000000000000000000000000000000000000000000610202000000000    00000000000000000000000                        19857775600000000000000000000       
7560001300053T 0904609000000000793400001120653701014     117000000000000005102020000000000006500756046090ROSANGELA SANTANA VIEIRA 091000069095680282ROSANGELA SANTANA VIEIRA                00000000000000000000000100000000013                 
7560001300054U 090000000000000000000000000000000000000000000000000000000000000000000000000000000000000000000000000000000000000000000000000610202000000000    00000000000000000000000                        19857875600000000000000000000       
7560001300055T 0904609000000000793400001120679801014     119000000000000005102020000000000006500756046090RUTH SOUZA CHAVES        091000007263953234RUTH SOUZA CHAVES                       00000000000000000000000100000000013                 
7560001300056U 090000000000000000000000000000000000000000000000000000000000000000000000000000000000000000000000000000000000000000000000000610202000000000    00000000000000000000000                        19857975600000000000000000000       
7560001300057T 0904609000000000793400001120835801014     127000000000000005102020000000000006500756046090RAIMUNDO SILVA VIEIRA    091000056173660253RAIMUNDO SILVA VIEIRA                   00000000000000000000000100000000013                 
7560001300058U 090000000000000000000000000000000000000000000000000000000000000000000000000000000000000000000000000000000000000000000000000610202000000000    00000000000000000000000                        19858075600000000000000000000       
7560001300059T 0904609000000000793400001120911301014     127000000000000005102020000000000006500756046090ROSELY SAMPAIO MARQUES DE091000030034892249ROSELY SAMPAIO MARQUES DE SOUZA         00000000000000000000000100000000013                 
7560001300060U 090000000000000000000000000000000000000000000000000000000000000000000000000000000000000000000000000000000000000000000000000610202000000000    00000000000000000000000                        19858175600000000000000000000       
7560001300061T 0904609000000000793400001120937401014     129000000000000005102020000000000006500756046090LUCIANA DOS SANTOS ANICAC091000001696975255LUCIANA DOS SANTOS ANICACIO             00000000000000000000000100000000013                 
7560001300062U 090000000000000000000000000000000000000000000000000000000000000000000000000000000000000000000000000000000000000000000000000610202000000000    00000000000000000000000                        19858275600000000000000000000       
7560001300063T 0604609000000000793400001120977901014     175000000000000010112020000000000006500237002340MIRALVA GONCALVES DIAS   091000051476070130MIRALVA GONCALVES DIAS                  00000000000000000000001550000000004                 
7560001300064U 060000000000000000000000000000000000000000000000000000000000000000000000065000000000000065000000000000000000000000000000000710202000000000    00000000000000000000000                        19884175600000000000000000000       
7560001300065T 0604609000000000793400001121016201014     139000000000000010102020000000000006500237055980EURA APARECIDA OLIVEIRA D091000045940983634EURA APARECIDA OLIVEIRA DE AGUIAR       00000000000000000000001550000000004                 
7560001300066U 060000000000000000000000000000000000000000000000000000000000000000000000065000000000000065000000000000000000000000000000000610202007102020    00000000000000000000000                        19829575600000000000000000000       
7560001300067T 0904609000000000793400001121081101014     170000000000000005102020000000000006500756046090EPITACIO CARNEIRO DA SILV091000024893510282EPITACIO CARNEIRO DA SILVA              00000000000000000000000100000000013                 
7560001300068U 090000000000000000000000000000000000000000000000000000000000000000000000000000000000000000000000000000000000000000000000000610202000000000    00000000000000000000000                        19858375600000000000000000000       
7560001300069T 0904609000000000793400001121173401014     131000000000000005102020000000000006500756046090JEFERSON LOPES SANTOS    091000000104721260JEFERSON LOPES SANTOS                   00000000000000000000000100000000013                 
7560001300070U 090000000000000000000000000000000000000000000000000000000000000000000000000000000000000000000000000000000000000000000000000610202000000000    00000000000000000000000                        19858475600000000000000000000       
7560001300071T 0904609000000000793400001121252101014     129000000000000005102020000000000006500756046090FLAVIO COSTA DE OLIVEIRA 091000052817717287FLAVIO COSTA DE OLIVEIRA                00000000000000000000000100000000013                 
7560001300072U 090000000000000000000000000000000000000000000000000000000000000000000000000000000000000000000000000000000000000000000000000610202000000000    00000000000000000000000                        19858575600000000000000000000       
7560001300073T 0904609000000000793400001121265701014     135000000000000005102020000000000006500756046090MARCO AURELIO DIOGO      091000059591064268MARCO AURELIO DIOGO                     00000000000000000000000100000000013                 
7560001300074U 090000000000000000000000000000000000000000000000000000000000000000000000000000000000000000000000000000000000000000000000000610202000000000    00000000000000000000000                        19858675600000000000000000000       
7560001300075T 0904609000000000793400001121278201014     133000000000000005102020000000000006500756046090TATIANA CARDOSO BARRETO A091000071156593387TATIANA CARDOSO BARRETO ALMEIDA         00000000000000000000000100000000013                 
7560001300076U 090000000000000000000000000000000000000000000000000000000000000000000000000000000000000000000000000000000000000000000000000610202000000000    00000000000000000000000                        19858775600000000000000000000       
7560001300077T 0904609000000000793400001121317501014     131000000000000005102020000000000006500756046090ELIANA MORAIS QUEIROZ    091000037881140291ELIANA MORAIS QUEIROZ                   00000000000000000000000100000000013                 
7560001300078U 090000000000000000000000000000000000000000000000000000000000000000000000000000000000000000000000000000000000000000000000000610202000000000    00000000000000000000000                        19858875600000000000000000000       
7560001300079T 0904609000000000793400001121382401014     135000000000000005102020000000000006500756046090SIDINEIA DA SILVA SOUZA  091000000939179296SIDINEIA DA SILVA SOUZA                 00000000000000000000000100000000013                 
7560001300080U 090000000000000000000000000000000000000000000000000000000000000000000000000000000000000000000000000000000000000000000000000610202000000000    00000000000000000000000                        19858975600000000000000000000       
7560001300081T 0904609000000000793400001121419101014     133000000000000005102020000000000006500756046090DANILO DA SILVA FERREIRA 091000039612139253DANILO DA SILVA FERREIRA                00000000000000000000000100000000013                 
7560001300082U 090000000000000000000000000000000000000000000000000000000000000000000000000000000000000000000000000000000000000000000000000610202000000000    00000000000000000000000                        19859075600000000000000000000       
7560001300083T 0904609000000000793400001121693001014     129000000000000005102020000000000006500756046090EDSON ALMADA DA SILVA    091000073625272172EDSON ALMADA DA SILVA                   00000000000000000000000100000000013                 
7560001300084U 090000000000000000000000000000000000000000000000000000000000000000000000000000000000000000000000000000000000000000000000000610202000000000    00000000000000000000000                        19859175600000000000000000000       
7560001300085T 0904609000000000793400001122095301014     150000000000000005102020000000000006750756046090RUBINALDO DE JESUS       091000041108019234RUBINALDO DE JESUS                      00000000000000000000000100000000013                 
7560001300086U 090000000000000000000000000000000000000000000000000000000000000000000000000000000000000000000000000000000000000000000000000610202000000000    00000000000000000000000                        19859275600000000000000000000       
7560001300087T 0904609000000000793400001122122801014     170000000000000005102020000000000006500756046090REJANE CESAR ARAUJO      091000078477638268REJANE CESAR ARAUJO                     00000000000000000000000100000000013                 
7560001300088U 090000000000000000000000000000000000000000000000000000000000000000000000000000000000000000000000000000000000000000000000000610202000000000    00000000000000000000000                        19859375600000000000000000000       
7560001300089T 0904609000000000793400001122279901014     130000000000000005102020000000000006500756046090CAROLLINE MILHOMEM RODRIG091000076142060297CAROLLINE MILHOMEM RODRIGUES            00000000000000000000000100000000013                 
7560001300090U 090000000000000000000000000000000000000000000000000000000000000000000000000000000000000000000000000000000000000000000000000610202000000000    00000000000000000000000                        19859475600000000000000000000       
7560001300091T 0904609000000000793400001122305601014     190000000000000005102020000000000006500756046090JUSCELIA PAES DOS SANTOS 091000094369682215JUSCELIA PAES DOS SANTOS LIMA           00000000000000000000000100000000013                 
7560001300092U 090000000000000000000000000000000000000000000000000000000000000000000000000000000000000000000000000000000000000000000000000610202000000000    00000000000000000000000                        19859575600000000000000000000       
7560001300093T 0904609000000000793400001122357901014     110000000000000005102020000000000006500756046090JOSE RIBAMAR OLIVEIRA DE 091000015780660506JOSE RIBAMAR OLIVEIRA DE ABREU          00000000000000000000000100000000013                 
7560001300094U 090000000000000000000000000000000000000000000000000000000000000000000000000000000000000000000000000000000000000000000000000610202000000000    00000000000000000000000                        19859675600000000000000000000       
7560001300095T 0604609000000000793400001122370501014     190000000000000010102020000000000006500077000010CARLA SAMANTA ASSUNCAO CA091000098431749253CARLA SAMANTA ASSUNCAO CASTRO           00000000000000000000001550000000004                 
7560001300096U 060000000000000000000000000000000000000000000000000000000000000000000000065000000000000065000000000000000000000000000000000610202007102020    00000000000000000000000                        19832875600000000000000000000       
7560001300097T 0604609000000000793400001122422301014     115000000000000010102020000000000006500001042220VERA LUCIA NASCIMENTO DE 091000039460339204VERA LUCIA NASCIMENTO DE SOUSA          00000000000000000000001550000000004                 
7560001300098U 060000000000000000000000000000000000000000000000000000000000000000000000065000000000000065000000000000000000000000000000000710202000000000    00000000000000000000000                        19879675600000000000000000000       
7560001300099T 0604609000000000793400001122500301014     170000000000000010102020000000000006500104043980JOSE GONCALVES LIMA      091000014070111204JOSE GONCALVES LIMA                     00000000000000000000001550000000004                 
7560001300100U 060000000000000000000000000000000000000000000000000000000000000000000000065000000000000065000000000000000000000000000000000710202000000000    00000000000000000000000                        19902875600000000000000000000       
7560001300101T 0904609000000000793400001122657401014     130000000000000005102020000000000006500756046090MARIA DE FATIMA AMERICO C091000046290966200MARIA DE FATIMA AMERICO CAVALCANTE      00000000000000000000000100000000013                 
7560001300102U 090000000000000000000000000000000000000000000000000000000000000000000000000000000000000000000000000000000000000000000000000610202000000000    00000000000000000000000                        19859775600000000000000000000       
7560001300103T 0904609000000000793400001122781301014     150000000000000005102020000000000006500756046090LEONARDO SIQUEIRA MENESES091000072054310263LEONARDO SIQUEIRA MENESES               00000000000000000000000100000000013                 
7560001300104U 090000000000000000000000000000000000000000000000000000000000000000000000000000000000000000000000000000000000000000000000000610202000000000    00000000000000000000000                        19859875600000000000000000000       
7560001300105T 0604609000000000793400001122950901014     127000000000000010102020000000000006500104035910JORGE OTAVIO DE SOUZA    091000006933637204JORGE OTAVIO DE SOUZA                   00000000000000000000001550000000004                 
7560001300106U 060000000000000000000000000000000000000000000000000000000000000000000000065000000000000065000000000000000000000000000000000610202007102020    00000000000000000000000                        19847975600000000000000000000       
7560001300107T 0604609000000000793400001122976001014     111000000000000010102020000000000006500033019220DINA CLAUDIA DE SOUSA DOU091000072940018200DINA CLAUDIA DE SOUSA DOURADO           00000000000000000000001550000000004                 
7560001300108U 060000000000000000000000000000000000000000000000000000000000000000000000065000000000000065000000000000000000000000000000000610202007102020    00000000000000000000000                        19824675600000000000000000000       
7560001300109T 0904609000000000793400001123028901014     170000000000000005102020000000000006500756046090AUDINEY BARBOSA MANACAS  091000032784376249AUDINEY BARBOSA MANACAS                 00000000000000000000000100000000013                 
7560001300110U 090000000000000000000000000000000000000000000000000000000000000000000000000000000000000000000000000000000000000000000000000610202000000000    00000000000000000000000                        19859975600000000000000000000       
7560001300111T 0904609000000000793400001123054001014     110000000000000005102020000000000006500756046090ANDRESSA DOS SANTOS MIRAN091000090291441220ANDRESSA DOS SANTOS MIRANDA             00000000000000000000000100000000013                 
7560001300112U 090000000000000000000000000000000000000000000000000000000000000000000000000000000000000000000000000000000000000000000000000610202000000000    00000000000000000000000                        19860075600000000000000000000       
7560001300113T 0904609000000000793400001123067601014     150000000000000005102020000000000006500756046090MARLY ROSSATO MARQUES    091000028336593268MARLY ROSSATO MARQUES                   00000000000000000000000100000000013                 
7560001300114U 090000000000000000000000000000000000000000000000000000000000000000000000000000000000000000000000000000000000000000000000000610202000000000    00000000000000000000000                        19860175600000000000000000000       
7560001300115T 1104609000000000793400001115665301014     115410000000000008102020000000000006500756046090ANGELUS DE SOUZA RIBEIRO 091000052050432291SALUTE                                  00000000000000000000000000000000000                 
7560001300116U 110000000000000000000000000000000000000000000000000000000000000000000000000000000000000000000000000000000000000000000000000810202000000000    00000000000000000000000                              75600000000000000000000       
7560001300117T 1104609000000000793400001117135101014     115450000000000008102020000000000006500756046090YASSER RODRIGUES DA SILVA091000002378923163SALUTE                                  00000000000000000000000000000000000                 
7560001300118U 110000000000000000000000000000000000000000000000000000000000000000000000000000000000000000000000000000000000000000000000000810202000000000    00000000000000000000000                              75600000000000000000000       
7560001300119T 1104609000000000793400001117148701014     115430000000000008102020000000000006500756046090LEVY ALBINO FARIAS       091000005028558272SALUTE                                  00000000000000000000000000000000000                 
7560001300120U 110000000000000000000000000000000000000000000000000000000000000000000000000000000000000000000000000000000000000000000000000810202000000000    00000000000000000000000                              75600000000000000000000       
7560001300121T 1104609000000000793400001117174901014     115490000000000008102020000000000006500756046090NOEMISIA ALVES DE ABREU  091000003893324291SALUTE                                  00000000000000000000000000000000000                 
7560001300122U 110000000000000000000000000000000000000000000000000000000000000000000000000000000000000000000000000000000000000000000000000810202000000000    00000000000000000000000                              75600000000000000000000       
7560001300123T 1104609000000000793400001117187401014     115470000000000008102020000000000006500756046090MAX LIMA CHIAPETA        091000005517619703SALUTE                                  00000000000000000000000000000000000                 
7560001300124U 110000000000000000000000000000000000000000000000000000000000000000000000000000000000000000000000000000000000000000000000000810202000000000    00000000000000000000000                              75600000000000000000000       
7560001300125T 1104609000000000793400001117200601014     115390000000000008102020000000000006500756046090MICHAEL JHONNE OLIVEIRA S091000076315347215SALUTE                                  00000000000000000000000000000000000                 
7560001300126U 110000000000000000000000000000000000000000000000000000000000000000000000000000000000000000000000000000000000000000000000000810202000000000    00000000000000000000000                              75600000000000000000000       
75600015         00012800006300000000000410750000000000000000000000000000000000000000000000000000000000000000000000                                                                                                                             
75699999         000001000130000000                                                                                                                                                                                                             
