75600000         235812309000160                    04609000000000793400SALUTE ATIVIDADES DE INTERMEDISICOOB                                  22110202015425200007308500000                                                                     
75600011T01  043 2035812309000160          460900000804609000000000793400SALUTE ATIVIDADES DE INTERMEDI                                                                                000000002110202000000000                                 
7560001300001T 0904609000000000793400001116459401014     114130000000000030092020000000000006500756046090LEANDRO DE OLIVEIRA DA CR091000003092055225SALUTE                                  00000000000000000000000100000000013                 
7560001300002U 090000000000000000000000000000000000000000000000000000000000000000000000000000000000000000000000000000000000000000000000000110202000000000    00000000000000000000000                        19629475600000000000000000000       
7560001300003T 0904609000000000793400001116472001014     114290000000000030092020000000000006500756046090LORENNA MORGANA FEITOZA P091000003473126241SALUTE                                  00000000000000000000000100000000013                 
7560001300004U 090000000000000000000000000000000000000000000000000000000000000000000000000000000000000000000000000000000000000000000000000110202000000000    00000000000000000000000                        19629575600000000000000000000       
7560001300005T 0904609000000000793400001116485601014     114090000000000030092020000000000006500756046090CHARLES SILVA PRATES     091000001108452264SALUTE                                  00000000000000000000000100000000013                 
7560001300006U 090000000000000000000000000000000000000000000000000000000000000000000000000000000000000000000000000000000000000000000000000110202000000000    00000000000000000000000                        19629675600000000000000000000       
7560001300007T 0904609000000000793400001116498101014     114210000000000030092020000000000006500756046090ANA MARIA CIRQUEIRA RODRI091000040054772249SALUTE                                  00000000000000000000000100000000013                 
7560001300008U 090000000000000000000000000000000000000000000000000000000000000000000000000000000000000000000000000000000000000000000000000110202000000000    00000000000000000000000                        19629775600000000000000000000       
7560001300009T 0904609000000000793400001116511301014     114190000000000030092020000000000006500756046090KENNEDY LIMA DE SOUSA    091000003609724200SALUTE                                  00000000000000000000000100000000013                 
7560001300010U 090000000000000000000000000000000000000000000000000000000000000000000000000000000000000000000000000000000000000000000000000110202000000000    00000000000000000000000                        19629875600000000000000000000       
7560001300011T 0904609000000000793400001116524901014     114230000000000030092020000000000006500756046090MICHELE OLIVEIRA LIMA    091000062715585349SALUTE                                  00000000000000000000000100000000013                 
7560001300012U 090000000000000000000000000000000000000000000000000000000000000000000000000000000000000000000000000000000000000000000000000110202000000000    00000000000000000000000                        19629975600000000000000000000       
7560001300013T 0904609000000000793400001116537401014     114170000000000030092020000000000006500756046090WERBET DA SILVA GUIMARAES091000060728914204SALUTE                                  00000000000000000000000100000000013                 
7560001300014U 090000000000000000000000000000000000000000000000000000000000000000000000000000000000000000000000000000000000000000000000000110202000000000    00000000000000000000000                        19630075600000000000000000000       
7560001300015T 0904609000000000793400001116550001014     114310000000000030092020000000000006500756046090LEILANE OLIVEIRA DE SOUSA091000080260632287SALUTE                                  00000000000000000000000100000000013                 
7560001300016U 090000000000000000000000000000000000000000000000000000000000000000000000000000000000000000000000000000000000000000000000000110202000000000    00000000000000000000000                        19630175600000000000000000000       
7560001300017T 0904609000000000793400001116563601014     114110000000000030092020000000000006500756046090CRISTIANE DIAS DO CARMO  091000074736213272SALUTE                                  00000000000000000000000100000000013                 
7560001300018U 090000000000000000000000000000000000000000000000000000000000000000000000000000000000000000000000000000000000000000000000000110202000000000    00000000000000000000000                        19630275600000000000000000000       
7560001300019T 0904609000000000793400001116576101014     114070000000000030092020000000000006750756046090ERINEUZA ROMAO REGES DE S091000029967619287SALUTE                                  00000000000000000000000100000000013                 
7560001300020U 090000000000000000000000000000000000000000000000000000000000000000000000000000000000000000000000000000000000000000000000000110202000000000    00000000000000000000000                        19630375600000000000000000000       
7560001300021T 0904609000000000793400001116588001014     114390000000000030092020000000000006500756046090ELIZANGELA ALVES DE SOUZA091000068175582200SALUTE                                  00000000000000000000000100000000013                 
7560001300022U 090000000000000000000000000000000000000000000000000000000000000000000000000000000000000000000000000000000000000000000000000110202000000000    00000000000000000000000                        19630475600000000000000000000       
7560001300023T 0904609000000000793400001116602901014     114250000000000030092020000000000006750756046090KEYTH MARQUES SAMPAIO ALV091000096219866215SALUTE                                  00000000000000000000000100000000013                 
7560001300024U 090000000000000000000000000000000000000000000000000000000000000000000000000000000000000000000000000000000000000000000000000110202000000000    00000000000000000000000                        19630575600000000000000000000       
7560001300025T 0904609000000000793400001116836201014     114330000000000030092020000000000006500756046090JOSE WILSON DA CONCEICAO 091000084094273204SALUTE                                  00000000000000000000000100000000013                 
7560001300026U 090000000000000000000000000000000000000000000000000000000000000000000000000000000000000000000000000000000000000000000000000110202000000000    00000000000000000000000                        19630675600000000000000000000       
7560001300027T 0904609000000000793400001116849801014     114370000000000030092020000000000006500756046090JOSE WILSON DA CONCEICAO 091000084094273204SALUTE                                  00000000000000000000000100000000013                 
7560001300028U 090000000000000000000000000000000000000000000000000000000000000000000000000000000000000000000000000000000000000000000000000110202000000000    00000000000000000000000                        19630775600000000000000000000       
7560001300029T 0904609000000000793400001116862401014     114270000000000030092020000000000006500756046090JOSE WILSON DA CONCEICAO 091000084094273204SALUTE                                  00000000000000000000000100000000013                 
7560001300030U 090000000000000000000000000000000000000000000000000000000000000000000000000000000000000000000000000000000000000000000000000110202000000000    00000000000000000000000                        19630875600000000000000000000       
7560001300031T 0904609000000000793400001116901701014     114350000000000030092020000000000006500756046090MIQUEIAS DA SILVA DE SOUZ091000002120723230SALUTE                                  00000000000000000000000100000000013                 
7560001300032U 090000000000000000000000000000000000000000000000000000000000000000000000000000000000000000000000000000000000000000000000000110202000000000    00000000000000000000000                        19630975600000000000000000000       
7560001300033T 0904609000000000793400001117095101014     114150000000000030092020000000000006500756046090HILDENER LUZ BARROS      091000025894200210SALUTE                                  00000000000000000000000100000000013                 
7560001300034U 090000000000000000000000000000000000000000000000000000000000000000000000000000000000000000000000000000000000000000000000000110202000000000    00000000000000000000000                        19631075600000000000000000000       
7560001300035T 0604609000000000793400001118705001014     117930000000000010102020000000000006750104043980HENRIQUE HORSTH          091000042730511253SALUTE                                  00000000000000000000001550000000004                 
7560001300036U 060000000000000000000000000000000000000000000000000000000000000000000000067500000000000067500000000000000000000000000000000110202002102020    00000000000000000000000                        19618175600000000000000000000       
7560001300037T 0604609000000000793400001122030501014     113000000000000005102020000000000006500104035910MARIA DO SOCORRO LIMA OLI091000028321600263MARIA DO SOCORRO LIMA OLIVEIRA          00000000000000000000001550000000004                 
7560001300038U 060000000000000000000000000000000000000000000000000000000000000000000000065000000000000065000000000000000000000000000000000110202002102020    00000000000000000000000                        19621075600000000000000000000       
75600015         00004000001900000000000124250000000000000000000000000000000000000000000000000000000000000000000000                                                                                                                             
75699999         000001000042000000                                                                                                                                                                                                             
