75600000         235812309000160                    04609000000000793400SALUTE ATIVIDADES DE INTERMEDISICOOB                                  23007202009563400001108500000                                                                     
75600011T01  043 2035812309000160          460900000804609000000000793400SALUTE ATIVIDADES DE INTERMEDI                                                                                000000003007202000000000                                 
7560001300001T 0904609000000000793400001115989501014     137000000000000025072020000000000006500756046090LUIS PINTO DE ARAUJO     091000031806775204SALUTE                                  00000000000000000000000100000000013                 
7560001300002U 090000000000000000000000000000000000000000000000000000000000000000000000000000000000000000000000000000000000000000000000002707202000000000    00000000000000000000000                        17226875600000000000000000000       
7560001300003T 0904609000000000793400001116002801014     139000000000000025072020000000000006500756046090LUCAS BRAZ DA SILVA      091000004061839292SALUTE                                  00000000000000000000000100000000013                 
7560001300004U 090000000000000000000000000000000000000000000000000000000000000000000000000000000000000000000000000000000000000000000000002707202000000000    00000000000000000000000                        17226975600000000000000000000       
7560001300005T 0904609000000000793400001116015301014     141000000000000025072020000000000006500756046090PEDRO DENIZE RODRIGUES OL091000005645921291SALUTE                                  00000000000000000000000100000000013                 
7560001300006U 090000000000000000000000000000000000000000000000000000000000000000000000000000000000000000000000000000000000000000000000002707202000000000    00000000000000000000000                        17227075600000000000000000000       
7560001300007T 0904609000000000793400001116028901014     135000000000000025072020000000000006500756046090ANTONIO SOARES DE ANDRADE091000010691693404SALUTE                                  00000000000000000000000100000000013                 
7560001300008U 090000000000000000000000000000000000000000000000000000000000000000000000000000000000000000000000000000000000000000000000002707202000000000    00000000000000000000000                        17227175600000000000000000000       
7560001300009T 0904609000000000793400001116041501014     151000000000000026072020000000000006500756046090ANTONIO LOURENCO DA CRUZ 091000067333079287SALUTE                                  00000000000000000000000100000000013                 
7560001300010U 090000000000000000000000000000000000000000000000000000000000000000000000000000000000000000000000000000000000000000000000002707202000000000    00000000000000000000000                        17227275600000000000000000000       
7560001300011T 0904609000000000793400001116054001014     147000000000000026072020000000000006500756046090SIMONE DA SILVA MORAES   091000000661383296SALUTE                                  00000000000000000000000100000000013                 
7560001300012U 090000000000000000000000000000000000000000000000000000000000000000000000000000000000000000000000000000000000000000000000002707202000000000    00000000000000000000000                        17227375600000000000000000000       
7560001300013T 0904609000000000793400001116067601014     155000000000000026072020000000000006500756046090WILLIAM MARTINS DA SILVA 091000059503599253SALUTE                                  00000000000000000000000100000000013                 
7560001300014U 090000000000000000000000000000000000000000000000000000000000000000000000000000000000000000000000000000000000000000000000002707202000000000    00000000000000000000000                        17227475600000000000000000000       
7560001300015T 0904609000000000793400001116080201014     153000000000000026072020000000000006500756046090ERIDENES DE FREITAS COSTA091000013462668838SALUTE                                  00000000000000000000000100000000013                 
7560001300016U 090000000000000000000000000000000000000000000000000000000000000000000000000000000000000000000000000000000000000000000000002707202000000000    00000000000000000000000                        17227575600000000000000000000       
7560001300017T 0904609000000000793400001116093801014     149000000000000026072020000000000006750756046090ANGELA MARIA GASPARINE   091000039252531220SALUTE                                  00000000000000000000000100000000013                 
7560001300018U 090000000000000000000000000000000000000000000000000000000000000000000000000000000000000000000000000000000000000000000000002707202000000000    00000000000000000000000                        17227675600000000000000000000       
7560001300019T 0904609000000000793400001116106901014     157000000000000026072020000000000007000756046090FRANCISCO DAS CHAGAS LOPE091000000670437123SALUTE                                  00000000000000000000000100000000013                 
7560001300020U 090000000000000000000000000000000000000000000000000000000000000000000000000000000000000000000000000000000000000000000000002707202000000000    00000000000000000000000                        17227775600000000000000000000       
7560001300021T 0904609000000000793400001116118701014     145000000000000026072020000000000006500756046090ECIONEIDE BARBOSA MENDES 091000074279467234SALUTE                                  00000000000000000000000100000000013                 
7560001300022U 090000000000000000000000000000000000000000000000000000000000000000000000000000000000000000000000000000000000000000000000002707202000000000    00000000000000000000000                        17227875600000000000000000000       
7560001300023T 0904609000000000793400001116132001014     169000000000000027072020000000000006500756046090RANES DEAN OLIVEIRA LIMA 091000057667160368SALUTE                                  00000000000000000000000100000000013                 
7560001300024U 090000000000000000000000000000000000000000000000000000000000000000000000000000000000000000000000000000000000000000000000002807202000000000    00000000000000000000000                        17247275600000000000000000000       
7560001300025T 0904609000000000793400001116145601014     171000000000000027072020000000000006500756046090ANTONIA CLAUDINEIDE CAVAL091000061324736291SALUTE                                  00000000000000000000000100000000013                 
7560001300026U 090000000000000000000000000000000000000000000000000000000000000000000000000000000000000000000000000000000000000000000000002807202000000000    00000000000000000000000                        17247575600000000000000000000       
7560001300027T 0904609000000000793400001116158101014     173000000000000027072020000000000006500756046090MARLENE APARECIDA RODRIGU091000000092732631SALUTE                                  00000000000000000000000100000000013                 
7560001300028U 090000000000000000000000000000000000000000000000000000000000000000000000000000000000000000000000000000000000000000000000002807202000000000    00000000000000000000000                        17247875600000000000000000000       
7560001300029T 0904609000000000793400001116184301014     163000000000000027072020000000000006500756046090NAYARA ROCHA DE FARIA    091000093640196287SALUTE                                  00000000000000000000000100000000013                 
7560001300030U 090000000000000000000000000000000000000000000000000000000000000000000000000000000000000000000000000000000000000000000000002807202000000000    00000000000000000000000                        17248175600000000000000000000       
7560001300031T 0904609000000000793400001116223601014     159000000000000027072020000000000006500756046090AMELIA DA SILVA DUTRA    091000097001163287SALUTE                                  00000000000000000000000100000000013                 
7560001300032U 090000000000000000000000000000000000000000000000000000000000000000000000000000000000000000000000000000000000000000000000002807202000000000    00000000000000000000000                        17248475600000000000000000000       
7560001300033T 0904609000000000793400001116236101014     165000000000000027072020000000000007000756046090EDILSON BARBOSA GONCALVES091000014076667204SALUTE                                  00000000000000000000000100000000013                 
7560001300034U 090000000000000000000000000000000000000000000000000000000000000000000000000000000000000000000000000000000000000000000000002807202000000000    00000000000000000000000                        17248675600000000000000000000       
7560001300035T 0904609000000000793400001116249701014     161000000000000027072020000000000006500756046090MONICA PEREIRA BARROS    091000001613110243SALUTE                                  00000000000000000000000100000000013                 
7560001300036U 090000000000000000000000000000000000000000000000000000000000000000000000000000000000000000000000000000000000000000000000002807202000000000    00000000000000000000000                        17248875600000000000000000000       
7560001300037T 0904609000000000793400001116262301014     167000000000000027072020000000000007250756046090ADRIANA SOUSA DO CARMO   091000086719327291SALUTE                                  00000000000000000000000100000000013                 
7560001300038U 090000000000000000000000000000000000000000000000000000000000000000000000000000000000000000000000000000000000000000000000002807202000000000    00000000000000000000000                        17249075600000000000000000000       
7560001300039T 0904609000000000793400001116275901014     175000000000000027072020000000000006500756046090BRUNA PEREIRA DOS SANTOS 091000097706930220SALUTE                                  00000000000000000000000100000000013                 
7560001300040U 090000000000000000000000000000000000000000000000000000000000000000000000000000000000000000000000000000000000000000000000002807202000000000    00000000000000000000000                        17249275600000000000000000000       
7560001300041T 0904609000000000793400001116288401014     181000000000000028072020000000000006500756046090DAYANE RODRIGUES LOURENCO091000001353134229SALUTE                                  00000000000000000000000100000000013                 
7560001300042U 090000000000000000000000000000000000000000000000000000000000000000000000000000000000000000000000000000000000000000000000002907202000000000    00000000000000000000000                        17277375600000000000000000000       
7560001300043T 0904609000000000793400001116301601014     179000000000000028072020000000000006500756046090ELIVELTON CORREA DUARTE  091000003946904270SALUTE                                  00000000000000000000000100000000013                 
7560001300044U 090000000000000000000000000000000000000000000000000000000000000000000000000000000000000000000000000000000000000000000000002907202000000000    00000000000000000000000                        17277475600000000000000000000       
7560001300045T 0604609000000000793400001116327701014     177000000000000028072020000000000006500104038800WILLIAM CALDAS CUNHA     091000083486828215SALUTE                                  00000000000000000000000000000000004                 
7560001300046U 060000000000000000000000000000000000000000000000000000000000000000000000065000000000000065000000000000000000000000000000002807202029072020    00000000000000000000000                        17238375600000000000000000000       
7560001300047T 0904609000000000793400001116340301014     183000000000000028072020000000000006500756046090JORGE GUIMARAES OLIVEIRA 091000023421690278SALUTE                                  00000000000000000000000100000000013                 
7560001300048U 090000000000000000000000000000000000000000000000000000000000000000000000000000000000000000000000000000000000000000000000002907202000000000    00000000000000000000000                        17277575600000000000000000000       
7560001300049T 0904609000000000793400001117210001014     143000000000000026072020000000000006750756046090CLAUDIONI DA SILVA SALES 091000001669334228SALUTE                                  00000000000000000000000100000000013                 
7560001300050U 090000000000000000000000000000000000000000000000000000000000000000000000000000000000000000000000000000000000000000000000002707202000000000    00000000000000000000000                        17227975600000000000000000000       
7560001300051T 1104609000000000793400001115648801014     193000000000000029072020000000000006500756046090CRISTIANO LOPES PEIXOTO J091000002342989288SALUTE                                  00000000000000000000000000000000000                 
7560001300052U 110000000000000000000000000000000000000000000000000000000000000000000000000000000000000000000000000000000000000000000000003007202000000000    00000000000000000000000                              75600000000000000000000       
7560001300053T 1104609000000000793400001116353901014     195000000000000029072020000000000006500756046090MARIA DO SOCORRO SAMPAIO 091000058853189215SALUTE                                  00000000000000000000000000000000000                 
7560001300054U 110000000000000000000000000000000000000000000000000000000000000000000000000000000000000000000000000000000000000000000000003007202000000000    00000000000000000000000                              75600000000000000000000       
7560001300055T 1104609000000000793400001116366401014     187000000000000029072020000000000006500756046090MICHAEL JHONNE OLIVEIRA S091000076315347215SALUTE                                  00000000000000000000000000000000000                 
7560001300056U 110000000000000000000000000000000000000000000000000000000000000000000000000000000000000000000000000000000000000000000000003007202000000000    00000000000000000000000                              75600000000000000000000       
7560001300057T 1104609000000000793400001116379001014     197000000000000029072020000000000006500756046090LEONARDO MIRANDA FEITOSA 091000004555217276SALUTE                                  00000000000000000000000000000000000                 
7560001300058U 110000000000000000000000000000000000000000000000000000000000000000000000000000000000000000000000000000000000000000000000003007202000000000    00000000000000000000000                              75600000000000000000000       
7560001300059T 1104609000000000793400001116392601014     185000000000000029072020000000000006500756046090EDMILSON RUFINO LOPES    091000000544823214SALUTE                                  00000000000000000000000000000000000                 
7560001300060U 110000000000000000000000000000000000000000000000000000000000000000000000000000000000000000000000000000000000000000000000003007202000000000    00000000000000000000000                              75600000000000000000000       
7560001300061T 1104609000000000793400001116405701014     110300000000000029072020000000000006500756046090VALERIA APARECIDA CASELLI091000014783922829SALUTE                                  00000000000000000000000000000000000                 
7560001300062U 110000000000000000000000000000000000000000000000000000000000000000000000000000000000000000000000000000000000000000000000003007202000000000    00000000000000000000000                              75600000000000000000000       
7560001300063T 1104609000000000793400001116418201014     189000000000000029072020000000000006500756046090LUANA NEVES ALVES        091000002669959261SALUTE                                  00000000000000000000000000000000000                 
7560001300064U 110000000000000000000000000000000000000000000000000000000000000000000000000000000000000000000000000000000000000000000000003007202000000000    00000000000000000000000                              75600000000000000000000       
7560001300065T 1104609000000000793400001116431901014     199000000000000029072020000000000006500756046090MARIA DO SOCORRO GRIGORIO091000087908603220SALUTE                                  00000000000000000000000000000000000                 
7560001300066U 110000000000000000000000000000000000000000000000000000000000000000000000000000000000000000000000000000000000000000000000003007202000000000    00000000000000000000000                              75600000000000000000000       
7560001300067T 1104609000000000793400001116444401014     191000000000000029072020000000000007000756046090BARBARA DA SILVA OLIVEIRA091000064041476291SALUTE                                  00000000000000000000000000000000000                 
7560001300068U 110000000000000000000000000000000000000000000000000000000000000000000000000000000000000000000000000000000000000000000000003007202000000000    00000000000000000000000                              75600000000000000000000       
7560001300069T 1104609000000000793400001116808601014     110100000000000029072020000000000006500756046090MICHAEL JHONNE OLIVEIRA S091000076315347215SALUTE                                  00000000000000000000000000000000000                 
7560001300070U 110000000000000000000000000000000000000000000000000000000000000000000000000000000000000000000000000000000000000000000000003007202000000000    00000000000000000000000                              75600000000000000000000       
75600015         00007200003500000000000230250000000000000000000000000000000000000000000000000000000000000000000000                                                                                                                             
75699999         000001000074000000                                                                                                                                                                                                             
