75600000         235812309000160                    04609000000000793400SALUTE ATIVIDADES DE INTERMEDISICOOB                                  20610202015461000006608500000                                                                     
75600011T01  043 2035812309000160          460900000804609000000000793400SALUTE ATIVIDADES DE INTERMEDI                                                                                000000000610202000000000                                 
7560001300001T 0604609000000000793400001116173201014     114750000000000004102020000000000006500104043980MARILENE PEREIRA LIMA    091000054664993234SALUTE                                  00000000000000000000001550000000004                 
7560001300002U 060000000000000000000000000000000000000000000000000000000000000000000000065000000000000065000000000000000000000000000000000210202005102020    00000000000000000000000                        19695575600000000000000000000       
7560001300003T 0904609000000000793400001116200701014     114770000000000004102020000000000006500756046090ANTONIO VIEIRA SILVA     091000022470069300SALUTE                                  00000000000000000000000100000000013                 
7560001300004U 090000000000000000000000000000000000000000000000000000000000000000000000000000000000000000000000000000000000000000000000000510202000000000    00000000000000000000000                        19812375600000000000000000000       
7560001300005T 0904609000000000793400001116459401014     114130000000000030092020000000000006500756046090LEANDRO DE OLIVEIRA DA CR091000003092055225SALUTE                                  00000000000000000000000100000000013                 
7560001300006U 090000000000000000000000000000000000000000000000000000000000000000000000000000000000000000000000000000000000000000000000000110202000000000    00000000000000000000000                        19629475600000000000000000000       
7560001300007T 0904609000000000793400001116472001014     114290000000000030092020000000000006500756046090LORENNA MORGANA FEITOZA P091000003473126241SALUTE                                  00000000000000000000000100000000013                 
7560001300008U 090000000000000000000000000000000000000000000000000000000000000000000000000000000000000000000000000000000000000000000000000110202000000000    00000000000000000000000                        19629575600000000000000000000       
7560001300009T 0904609000000000793400001116485601014     114090000000000030092020000000000006500756046090CHARLES SILVA PRATES     091000001108452264SALUTE                                  00000000000000000000000100000000013                 
7560001300010U 090000000000000000000000000000000000000000000000000000000000000000000000000000000000000000000000000000000000000000000000000110202000000000    00000000000000000000000                        19629675600000000000000000000       
7560001300011T 0904609000000000793400001116498101014     114210000000000030092020000000000006500756046090ANA MARIA CIRQUEIRA RODRI091000040054772249SALUTE                                  00000000000000000000000100000000013                 
7560001300012U 090000000000000000000000000000000000000000000000000000000000000000000000000000000000000000000000000000000000000000000000000110202000000000    00000000000000000000000                        19629775600000000000000000000       
7560001300013T 0904609000000000793400001116511301014     114190000000000030092020000000000006500756046090KENNEDY LIMA DE SOUSA    091000003609724200SALUTE                                  00000000000000000000000100000000013                 
7560001300014U 090000000000000000000000000000000000000000000000000000000000000000000000000000000000000000000000000000000000000000000000000110202000000000    00000000000000000000000                        19629875600000000000000000000       
7560001300015T 0904609000000000793400001116524901014     114230000000000030092020000000000006500756046090MICHELE OLIVEIRA LIMA    091000062715585349SALUTE                                  00000000000000000000000100000000013                 
7560001300016U 090000000000000000000000000000000000000000000000000000000000000000000000000000000000000000000000000000000000000000000000000110202000000000    00000000000000000000000                        19629975600000000000000000000       
7560001300017T 0904609000000000793400001116537401014     114170000000000030092020000000000006500756046090WERBET DA SILVA GUIMARAES091000060728914204SALUTE                                  00000000000000000000000100000000013                 
7560001300018U 090000000000000000000000000000000000000000000000000000000000000000000000000000000000000000000000000000000000000000000000000110202000000000    00000000000000000000000                        19630075600000000000000000000       
7560001300019T 0904609000000000793400001116550001014     114310000000000030092020000000000006500756046090LEILANE OLIVEIRA DE SOUSA091000080260632287SALUTE                                  00000000000000000000000100000000013                 
7560001300020U 090000000000000000000000000000000000000000000000000000000000000000000000000000000000000000000000000000000000000000000000000110202000000000    00000000000000000000000                        19630175600000000000000000000       
7560001300021T 0904609000000000793400001116563601014     114110000000000030092020000000000006500756046090CRISTIANE DIAS DO CARMO  091000074736213272SALUTE                                  00000000000000000000000100000000013                 
7560001300022U 090000000000000000000000000000000000000000000000000000000000000000000000000000000000000000000000000000000000000000000000000110202000000000    00000000000000000000000                        19630275600000000000000000000       
7560001300023T 0904609000000000793400001116576101014     114070000000000030092020000000000006750756046090ERINEUZA ROMAO REGES DE S091000029967619287SALUTE                                  00000000000000000000000100000000013                 
7560001300024U 090000000000000000000000000000000000000000000000000000000000000000000000000000000000000000000000000000000000000000000000000110202000000000    00000000000000000000000                        19630375600000000000000000000       
7560001300025T 0904609000000000793400001116588001014     114390000000000030092020000000000006500756046090ELIZANGELA ALVES DE SOUZA091000068175582200SALUTE                                  00000000000000000000000100000000013                 
7560001300026U 090000000000000000000000000000000000000000000000000000000000000000000000000000000000000000000000000000000000000000000000000110202000000000    00000000000000000000000                        19630475600000000000000000000       
7560001300027T 0904609000000000793400001116602901014     114250000000000030092020000000000006750756046090KEYTH MARQUES SAMPAIO ALV091000096219866215SALUTE                                  00000000000000000000000100000000013                 
7560001300028U 090000000000000000000000000000000000000000000000000000000000000000000000000000000000000000000000000000000000000000000000000110202000000000    00000000000000000000000                        19630575600000000000000000000       
7560001300029T 0904609000000000793400001116615401014     114470000000000001102020000000000006500756046090JOAO DE JESUS CUNHA      091000089654307715SALUTE                                  00000000000000000000000100000000013                 
7560001300030U 090000000000000000000000000000000000000000000000000000000000000000000000000000000000000000000000000000000000000000000000000210202000000000    00000000000000000000000                        19705975600000000000000000000       
7560001300031T 0904609000000000793400001116628001014     114450000000000001102020000000000006500756046090AGNA DA SILVA DE OLIVEIRA091000061984965204SALUTE                                  00000000000000000000000100000000013                 
7560001300032U 090000000000000000000000000000000000000000000000000000000000000000000000000000000000000000000000000000000000000000000000000210202000000000    00000000000000000000000                        19706075600000000000000000000       
7560001300033T 0904609000000000793400001116654101014     114510000000000001102020000000000006500756046090MARIA DAS GRACAS TAVARES 091000022247025234SALUTE                                  00000000000000000000000100000000013                 
7560001300034U 090000000000000000000000000000000000000000000000000000000000000000000000000000000000000000000000000000000000000000000000000210202000000000    00000000000000000000000                        19706175600000000000000000000       
7560001300035T 0904609000000000793400001116667701014     114430000000000001102020000000000006500756046090JOSE PEREIRA DA CONCEICAO091000012103926234SALUTE                                  00000000000000000000000100000000013                 
7560001300036U 090000000000000000000000000000000000000000000000000000000000000000000000000000000000000000000000000000000000000000000000000210202000000000    00000000000000000000000                        19706275600000000000000000000       
7560001300037T 0904609000000000793400001116680301014     114570000000000002102020000000000006500756046090MAYSA SILVA NOLETO FREIRE091000080693040220SALUTE                                  00000000000000000000000100000000013                 
7560001300038U 090000000000000000000000000000000000000000000000000000000000000000000000000000000000000000000000000000000000000000000000000510202000000000    00000000000000000000000                        19812475600000000000000000000       
7560001300039T 0904609000000000793400001116693901014     114590000000000002102020000000000006500756046090MARIA FLEURISA PEREIRA DE091000057265577272SALUTE                                  00000000000000000000000100000000013                 
7560001300040U 090000000000000000000000000000000000000000000000000000000000000000000000000000000000000000000000000000000000000000000000000510202000000000    00000000000000000000000                        19812575600000000000000000000       
7560001300041T 0904609000000000793400001116706001014     114550000000000002102020000000000006500756046090JOSE EVANDRO SOARES DE SO091000008612897220SALUTE                                  00000000000000000000000100000000013                 
7560001300042U 090000000000000000000000000000000000000000000000000000000000000000000000000000000000000000000000000000000000000000000000000510202000000000    00000000000000000000000                        19812675600000000000000000000       
7560001300043T 0904609000000000793400001116719501014     114530000000000002102020000000000006500756046090ELIZANGELA ALVES DE SOUZA091000068175582200SALUTE                                  00000000000000000000000100000000013                 
7560001300044U 090000000000000000000000000000000000000000000000000000000000000000000000000000000000000000000000000000000000000000000000000510202000000000    00000000000000000000000                        19812775600000000000000000000       
7560001300045T 0904609000000000793400001116732101014     114610000000000002102020000000000006500756046090HELENILDE CONCEICAO CANUT091000058702776200SALUTE                                  00000000000000000000000100000000013                 
7560001300046U 090000000000000000000000000000000000000000000000000000000000000000000000000000000000000000000000000000000000000000000000000510202000000000    00000000000000000000000                        19812875600000000000000000000       
7560001300047T 0904609000000000793400001116745701014     114690000000000003102020000000000007000756046090JOSE HENRIQUE FILHO LEAL 091000071167277287SALUTE                                  00000000000000000000000100000000013                 
7560001300048U 090000000000000000000000000000000000000000000000000000000000000000000000000000000000000000000000000000000000000000000000000510202000000000    00000000000000000000000                        19812975600000000000000000000       
7560001300049T 0904609000000000793400001116758201014     114670000000000003102020000000000006500756046090MARIA DA NATIVIDADE ALMEI091000024811858204SALUTE                                  00000000000000000000000100000000013                 
7560001300050U 090000000000000000000000000000000000000000000000000000000000000000000000000000000000000000000000000000000000000000000000000510202000000000    00000000000000000000000                        19813075600000000000000000000       
7560001300051T 0904609000000000793400001116771901014     114630000000000003102020000000000006500756046090TERESINHA DE JESUS DA COS091000010863737234SALUTE                                  00000000000000000000000100000000013                 
7560001300052U 090000000000000000000000000000000000000000000000000000000000000000000000000000000000000000000000000000000000000000000000000510202000000000    00000000000000000000000                        19813175600000000000000000000       
7560001300053T 0904609000000000793400001116784401014     114650000000000003102020000000000006500756046090MARIA RITA DA SILVA COSTA091000045173737204SALUTE                                  00000000000000000000000100000000013                 
7560001300054U 090000000000000000000000000000000000000000000000000000000000000000000000000000000000000000000000000000000000000000000000000510202000000000    00000000000000000000000                        19813275600000000000000000000       
7560001300055T 0904609000000000793400001116823701014     114850000000000004102020000000000006500756046090LUCIANA COSTA SOUSA      091000051379120268SALUTE                                  00000000000000000000000100000000013                 
7560001300056U 090000000000000000000000000000000000000000000000000000000000000000000000000000000000000000000000000000000000000000000000000510202000000000    00000000000000000000000                        19813375600000000000000000000       
7560001300057T 0904609000000000793400001116836201014     114330000000000030092020000000000006500756046090JOSE WILSON DA CONCEICAO 091000084094273204SALUTE                                  00000000000000000000000100000000013                 
7560001300058U 090000000000000000000000000000000000000000000000000000000000000000000000000000000000000000000000000000000000000000000000000110202000000000    00000000000000000000000                        19630675600000000000000000000       
7560001300059T 0904609000000000793400001116849801014     114370000000000030092020000000000006500756046090JOSE WILSON DA CONCEICAO 091000084094273204SALUTE                                  00000000000000000000000100000000013                 
7560001300060U 090000000000000000000000000000000000000000000000000000000000000000000000000000000000000000000000000000000000000000000000000110202000000000    00000000000000000000000                        19630775600000000000000000000       
7560001300061T 0904609000000000793400001116862401014     114270000000000030092020000000000006500756046090JOSE WILSON DA CONCEICAO 091000084094273204SALUTE                                  00000000000000000000000100000000013                 
7560001300062U 090000000000000000000000000000000000000000000000000000000000000000000000000000000000000000000000000000000000000000000000000110202000000000    00000000000000000000000                        19630875600000000000000000000       
7560001300063T 0904609000000000793400001116875001014     114730000000000004102020000000000006500756046090ELIENE DE ASSIS SILVA    091000018907008272SALUTE                                  00000000000000000000000100000000013                 
7560001300064U 090000000000000000000000000000000000000000000000000000000000000000000000000000000000000000000000000000000000000000000000000510202000000000    00000000000000000000000                        19813475600000000000000000000       
7560001300065T 0904609000000000793400001116901701014     114350000000000030092020000000000006500756046090MIQUEIAS DA SILVA DE SOUZ091000002120723230SALUTE                                  00000000000000000000000100000000013                 
7560001300066U 090000000000000000000000000000000000000000000000000000000000000000000000000000000000000000000000000000000000000000000000000110202000000000    00000000000000000000000                        19630975600000000000000000000       
7560001300067T 0904609000000000793400001116927801014     114810000000000004102020000000000006500756046090SANDRA RIBEIRO ARAUJO    091000032926170220SALUTE                                  00000000000000000000000100000000013                 
7560001300068U 090000000000000000000000000000000000000000000000000000000000000000000000000000000000000000000000000000000000000000000000000510202000000000    00000000000000000000000                        19813575600000000000000000000       
7560001300069T 0904609000000000793400001116940401014     114710000000000004102020000000000006500756046090SARA MOREIRA GOMES       091000060684402220SALUTE                                  00000000000000000000000100000000013                 
7560001300070U 090000000000000000000000000000000000000000000000000000000000000000000000000000000000000000000000000000000000000000000000000510202000000000    00000000000000000000000                        19813675600000000000000000000       
7560001300071T 0904609000000000793400001116953001014     114830000000000004102020000000000006500756046090MARIA RAIMUNDA CARDOSO SA091000029736927253SALUTE                                  00000000000000000000000100000000013                 
7560001300072U 090000000000000000000000000000000000000000000000000000000000000000000000000000000000000000000000000000000000000000000000000510202000000000    00000000000000000000000                        19813775600000000000000000000       
7560001300073T 0604609000000000793400001116966501014     114890000000000004102020000000000006500104035910JORGE OTAVIO PEREIRA DEFI091000004444752220SALUTE                                  00000000000000000000001550000000004                 
7560001300074U 060000000000000000000000000000000000000000000000000000000000000000000000065000000000000065000000000000000000000000000000000210202005102020    00000000000000000000000                        19693075600000000000000000000       
7560001300075T 0904609000000000793400001116979001014     114410000000000001102020000000000006500756046090MIQUEIAS DA SILVA DE SOUZ091000002120723230SALUTE                                  00000000000000000000000100000000013                 
7560001300076U 090000000000000000000000000000000000000000000000000000000000000000000000000000000000000000000000000000000000000000000000000210202000000000    00000000000000000000000                        19706375600000000000000000000       
7560001300077T 0904609000000000793400001116992701014     114490000000000001102020000000000006500756046090MIQUEIAS DA SILVA DE SOUZ091000002120723230SALUTE                                  00000000000000000000000100000000013                 
7560001300078U 090000000000000000000000000000000000000000000000000000000000000000000000000000000000000000000000000000000000000000000000000210202000000000    00000000000000000000000                        19706475600000000000000000000       
7560001300079T 0904609000000000793400001117018401014     114790000000000004102020000000000006750756046090PATRICK PEREIRA SILVA    091000068824173268SALUTE                                  00000000000000000000000100000000013                 
7560001300080U 090000000000000000000000000000000000000000000000000000000000000000000000000000000000000000000000000000000000000000000000000510202000000000    00000000000000000000000                        19813875600000000000000000000       
7560001300081T 0904609000000000793400001117044601014     114870000000000004102020000000000006500756046090ROSEMARY DA SILVA AUGUSTO091000052725928168SALUTE                                  00000000000000000000000100000000013                 
7560001300082U 090000000000000000000000000000000000000000000000000000000000000000000000000000000000000000000000000000000000000000000000000510202000000000    00000000000000000000000                        19813975600000000000000000000       
7560001300083T 0904609000000000793400001117057101014     114910000000000004102020000000000006500756046090HANNA TASSYLA FEITOSA SIL091000001780462212SALUTE                                  00000000000000000000000100000000013                 
7560001300084U 090000000000000000000000000000000000000000000000000000000000000000000000000000000000000000000000000000000000000000000000000510202000000000    00000000000000000000000                        19814075600000000000000000000       
7560001300085T 0904609000000000793400001117095101014     114150000000000030092020000000000006500756046090HILDENER LUZ BARROS      091000025894200210SALUTE                                  00000000000000000000000100000000013                 
7560001300086U 090000000000000000000000000000000000000000000000000000000000000000000000000000000000000000000000000000000000000000000000000110202000000000    00000000000000000000000                        19631075600000000000000000000       
7560001300087T 0604609000000000793400001117616001014     115130000000000005102020000000000006750104043980MARINUBIA GOMES FERREIRA 091000045171017204SALUTE                                  00000000000000000000001550000000004                 
7560001300088U 060000000000000000000000000000000000000000000000000000000000000000000000067500000000000067500000000000000000000000000000000510202000000000    00000000000000000000000                        19759775600000000000000000000       
7560001300089T 0604609000000000793400001118705001014     117930000000000010102020000000000006750104043980HENRIQUE HORSTH          091000042730511253SALUTE                                  00000000000000000000001550000000004                 
7560001300090U 060000000000000000000000000000000000000000000000000000000000000000000000067500000000000067500000000000000000000000000000000110202002102020    00000000000000000000000                        19618175600000000000000000000       
7560001300091T 0604609000000000793400001118831401014     114950000000000005102020000000000006500001044500ZILMAR CHAGAS DE LIMA    091000011156961300SALUTE                                  00000000000000000000001550000000004                 
7560001300092U 060000000000000000000000000000000000000000000000000000000000000000000000065000000000000065000000000000000000000000000000000510202000000000    00000000000000000000000                        19735775600000000000000000000       
7560001300093T 0604609000000000793400001119052301014     116950000000000010102020000000000006750748052040TELMA SOUSA MENDES       091000041306864100SALUTE                                  00000000000000000000001550000000004                 
7560001300094U 060000000000000000000000000000000000000000000000000000000000000000000000067500000000000067500000000000000000000000000000000510202000000000    00000000000000000000000                        19726675600000000000000000000       
7560001300095T 0604609000000000793400001119504901014     115150000000000005102020000000000006500237055980LARISSA PEREIRA RIBEIRO  091000003302460112SALUTE                                  00000000000000000000001550000000004                 
7560001300096U 060000000000000000000000000000000000000000000000000000000000000000000000065000000000000065000000000000000000000000000000000510202000000000    00000000000000000000000                        19733075600000000000000000000       
7560001300097T 0604609000000000793400001121523301014     111000000000000005102020000000000006500341078340DINO MENDOZA VELARDE     091000053429346215DINO MENDOZA VELARDE                    00000000000000000000001550000000004                 
7560001300098U 060000000000000000000000000000000000000000000000000000000000000000000000065000000000000065000000000000000000000000000000000510202000000000    00000000000000000000000                        19725975600000000000000000000       
7560001300099T 0604609000000000793400001121654301014     131000000000000005102020000000000006500001005650DANUBIO RODRIGUES SIQUEIR091000080370780272DANUBIO RODRIGUES SIQUEIRA              00000000000000000000001550000000004                 
7560001300100U 060000000000000000000000000000000000000000000000000000000000000000000000065000000000000065000000000000000000000000000000000510202000000000    00000000000000000000000                        19727975600000000000000000000       
7560001300101T 0604609000000000793400001121771001014     139000000000000010102020000000000006500237037500CARMINA NOGUEIRA         091000076611876200CARMINA NOGUEIRA                        00000000000000000000001550000000004                 
7560001300102U 060000000000000000000000000000000000000000000000000000000000000000000000065000000000000065000000000000000000000000000000000510202000000000    00000000000000000000000                        19723975600000000000000000000       
7560001300103T 0604609000000000793400001122030501014     113000000000000005102020000000000006500104035910MARIA DO SOCORRO LIMA OLI091000028321600263MARIA DO SOCORRO LIMA OLIVEIRA          00000000000000000000001550000000004                 
7560001300104U 060000000000000000000000000000000000000000000000000000000000000000000000065000000000000065000000000000000000000000000000000110202002102020    00000000000000000000000                        19621075600000000000000000000       
7560001300105T 0604609000000000793400001122056601014     125000000000000010102020000000000006500104035910ELISANGELA ARAUJO PEREIRA091000000944732267ELISANGELA ARAUJO PEREIRA               00000000000000000000001550000000004                 
7560001300106U 060000000000000000000000000000000000000000000000000000000000000000000000065000000000000065000000000000000000000000000000000510202000000000    00000000000000000000000                        19762375600000000000000000000       
7560001300107T 0604609000000000793400001122292501014     149000000000000010102020000000000006500237039290TATIANA DA MOTA SANTOS   091000072927437220TATIANA DA MOTA SANTOS                  00000000000000000000001550000000004                 
7560001300108U 060000000000000000000000000000000000000000000000000000000000000000000000065000000000000065000000000000000000000000000000000510202000000000    00000000000000000000000                        19732975600000000000000000000       
7560001300109T 0604609000000000793400001122383001014     150000000000000010102020000000000006500104035910SOLANGE DA SILVA SOUSA   091000068216033249SOLANGE DA SILVA SOUSA                  00000000000000000000001550000000004                 
7560001300110U 060000000000000000000000000000000000000000000000000000000000000000000000065000000000000065000000000000000000000000000000000510202000000000    00000000000000000000000                        19763575600000000000000000000       
7560001300111T 0604609000000000793400001122409701014     130000000000000010102020000000000006500001000030ONEIDE DA MOTA RODRIGUES 091000009237216220ONEIDE DA MOTA RODRIGUES                00000000000000000000001550000000004                 
7560001300112U 060000000000000000000000000000000000000000000000000000000000000000000000065000000000000065000000000000000000000000000000000510202000000000    00000000000000000000000                        19713975600000000000000000000       
7560001300113T 0604609000000000793400001122540801014     130000000000000005102020000000000006500077000010OTACIO BENTO PASSOS DE MO091000039218430220OTACIO BENTO PASSOS DE MORAES           00000000000000000000001550000000004                 
7560001300114U 060000000000000000000000000000000000000000000000000000000000000000000000065000000000000065000000000000000000000000000000000510202000000000    00000000000000000000000                        19730075600000000000000000000       
7560001300115T 0604609000000000793400001122696101014     117000000000000010102020000000000006500260000010CLEUMA GOMES RODRIGUES   091000014611589234CLEUMA GOMES RODRIGUES                  00000000000000000000001550000000004                 
7560001300116U 060000000000000000000000000000000000000000000000000000000000000000000000065000000000000065000000000000000000000000000000000510202000000000    00000000000000000000000                        19756775600000000000000000000       
7560001300117T 0604609000000000793400001122820601014     170000000000000010102020000000000006500001005650IVERLANDIA DA SILVA CHAVE091000039857182291IVERLANDIA DA SILVA CHAVES              00000000000000000000001550000000004                 
7560001300118U 060000000000000000000000000000000000000000000000000000000000000000000000065000000000000065000000000000000000000000000000000210202005102020    00000000000000000000000                        19691875600000000000000000000       
7560001300119T 0604609000000000793400001122911101014     130000000000000005102020000000000006500001005650FRANCILENE TINOCO DA SILV091000058061266253FRANCILENE TINOCO DA SILVA SIMOES       00000000000000000000001550000000004                 
7560001300120U 060000000000000000000000000000000000000000000000000000000000000000000000065000000000000065000000000000000000000000000000000510202000000000    00000000000000000000000                        19735275600000000000000000000       
7560001300121T 1104609000000000793400000000013101014     130000000000000005102020000000000006500756046090MARIA DE FATIMA AMERICO C091000046290966200MARIA DE FATIMA AMERICO CAVALCANTE      00000000000000000000000000000000000                 
7560001300122U 110000000000000000000000000000000000000000000000000000000000000000000000000000000000000000000000000000000000000000000000000610202000000000    00000000000000000000000                              75600000000000000000000       
7560001300123T 1104609000000000793400000000232501014     150000000000000005102020000000000006500756046090LEONARDO SIQUEIRA MENESES091000072054310263LEONARDO SIQUEIRA MENESES               00000000000000000000000000000000000                 
7560001300124U 110000000000000000000000000000000000000000000000000000000000000000000000000000000000000000000000000000000000000000000000000610202000000000    00000000000000000000000                              75600000000000000000000       
7560001300125T 1104609000000000793400001116797001014     115050000000000005102020000000000006500756046090GIRLANE DE ASSUNCAO SILVA091000075249987249SALUTE                                  00000000000000000000000000000000000                 
7560001300126U 110000000000000000000000000000000000000000000000000000000000000000000000000000000000000000000000000000000000000000000000000610202000000000    00000000000000000000000                              75600000000000000000000       
7560001300127T 1104609000000000793400001116888501014     115030000000000005102020000000000006500756046090LUZINEIA SOARES SILVA    091000061885908253SALUTE                                  00000000000000000000000000000000000                 
7560001300128U 110000000000000000000000000000000000000000000000000000000000000000000000000000000000000000000000000000000000000000000000000610202000000000    00000000000000000000000                              75600000000000000000000       
7560001300129T 1104609000000000793400001117006601014     115250000000000005102020000000000006500756046090MIQUEIAS DA SILVA DE SOUZ091000002120723230SALUTE                                  00000000000000000000000000000000000                 
7560001300130U 110000000000000000000000000000000000000000000000000000000000000000000000000000000000000000000000000000000000000000000000000610202000000000    00000000000000000000000                              75600000000000000000000       
7560001300131T 1104609000000000793400001117070801014     114970000000000005102020000000000006500756046090SHIRLENE BEZERRA DOS SANT091000039203727272SALUTE                                  00000000000000000000000000000000000                 
7560001300132U 110000000000000000000000000000000000000000000000000000000000000000000000000000000000000000000000000000000000000000000000000610202000000000    00000000000000000000000                              75600000000000000000000       
7560001300133T 1104609000000000793400001117083301014     115230000000000005102020000000000006750756046090FRANCISCO NORONHA DA SILV091000039542300204SALUTE                                  00000000000000000000000000000000000                 
7560001300134U 110000000000000000000000000000000000000000000000000000000000000000000000000000000000000000000000000000000000000000000000000610202000000000    00000000000000000000000                              75600000000000000000000       
7560001300135T 1104609000000000793400001117109001014     115210000000000005102020000000000006500756046090SERGIO ROBERTO DIAS CALDE091000030196388287SALUTE                                  00000000000000000000000000000000000                 
7560001300136U 110000000000000000000000000000000000000000000000000000000000000000000000000000000000000000000000000000000000000000000000000610202000000000    00000000000000000000000                              75600000000000000000000       
7560001300137T 1104609000000000793400001117122601014     115110000000000005102020000000000006500756046090LEONARDO DUARTE BRASIL   091000086005642200SALUTE                                  00000000000000000000000000000000000                 
7560001300138U 110000000000000000000000000000000000000000000000000000000000000000000000000000000000000000000000000000000000000000000000000610202000000000    00000000000000000000000                              75600000000000000000000       
7560001300139T 1104609000000000793400001117603501014     115010000000000005102020000000000007000756046090LUZINALDO DE SOUZA RIBEIR091000039251837287SALUTE                                  00000000000000000000000000000000000                 
7560001300140U 110000000000000000000000000000000000000000000000000000000000000000000000000000000000000000000000000000000000000000000000000610202000000000    00000000000000000000000                              75600000000000000000000       
7560001300141T 1104609000000000793400001118084001014     115190000000000005102020000000000006500756046090ROGERIO MENDONCA DE OLIVE091000052385884291SALUTE                                  00000000000000000000000000000000000                 
7560001300142U 110000000000000000000000000000000000000000000000000000000000000000000000000000000000000000000000000000000000000000000000000610202000000000    00000000000000000000000                              75600000000000000000000       
7560001300143T 1104609000000000793400001118149301014     115170000000000005102020000000000006500756046090EDNA LIMA ALVES          091000029965012253SALUTE                                  00000000000000000000000000000000000                 
7560001300144U 110000000000000000000000000000000000000000000000000000000000000000000000000000000000000000000000000000000000000000000000000610202000000000    00000000000000000000000                              75600000000000000000000       
7560001300145T 1104609000000000793400001118263901014     115330000000000005102020000000000006500756046090RENATA ALVES SANTOS      091000069415544287SALUTE                                  00000000000000000000000000000000000                 
7560001300146U 110000000000000000000000000000000000000000000000000000000000000000000000000000000000000000000000000000000000000000000000000610202000000000    00000000000000000000000                              75600000000000000000000       
7560001300147T 1104609000000000793400001118276401014     115070000000000005102020000000000006500756046090AMANDA RIBEIRO DE OLIVEIR091000003846760226SALUTE                                  00000000000000000000000000000000000                 
7560001300148U 110000000000000000000000000000000000000000000000000000000000000000000000000000000000000000000000000000000000000000000000000610202000000000    00000000000000000000000                              75600000000000000000000       
7560001300149T 1104609000000000793400001118419801014     115290000000000005102020000000000006500756046090KELVIA HELLEN COSTA BARBO091000075037971268SALUTE                                  00000000000000000000000000000000000                 
7560001300150U 110000000000000000000000000000000000000000000000000000000000000000000000000000000000000000000000000000000000000000000000000610202000000000    00000000000000000000000                              75600000000000000000000       
7560001300151T 1104609000000000793400001118562701014     115090000000000005102020000000000006500756046090JOAQUIM CUNHA RODRIGUES  091000030739306200SALUTE                                  00000000000000000000000000000000000                 
7560001300152U 110000000000000000000000000000000000000000000000000000000000000000000000000000000000000000000000000000000000000000000000000610202000000000    00000000000000000000000                              75600000000000000000000       
7560001300153T 1104609000000000793400001118844001014     115270000000000005102020000000000006500756046090AURENICE DA SILVA MENDONC091000039281175215SALUTE                                  00000000000000000000000000000000000                 
7560001300154U 110000000000000000000000000000000000000000000000000000000000000000000000000000000000000000000000000000000000000000000000000610202000000000    00000000000000000000000                              75600000000000000000000       
7560001300155T 1104609000000000793400001119065901014     115310000000000005102020000000000006500756046090SEBASTIAO SA E LIMA      091000037406701772SALUTE                                  00000000000000000000000000000000000                 
7560001300156U 110000000000000000000000000000000000000000000000000000000000000000000000000000000000000000000000000000000000000000000000000610202000000000    00000000000000000000000                              75600000000000000000000       
7560001300157T 1104609000000000793400001119621601014     115350000000000005102020000000000006500756046090MARIA NELIA CORREA CLARIN091000065605063200SALUTE                                  00000000000000000000000000000000000                 
7560001300158U 110000000000000000000000000000000000000000000000000000000000000000000000000000000000000000000000000000000000000000000000000610202000000000    00000000000000000000000                              75600000000000000000000       
7560001300159T 1104609000000000793400001119777001014     114990000000000005102020000000000006500756046090MARTA GOMES DA SILVA     091000040529282100SALUTE                                  00000000000000000000000000000000000                 
7560001300160U 110000000000000000000000000000000000000000000000000000000000000000000000000000000000000000000000000000000000000000000000000610202000000000    00000000000000000000000                              75600000000000000000000       
7560001300161T 1104609000000000793400001119855001014     190000000000000005102020000000000006750756046090ITAMAR GELZA CHAVES      091000060253576253SALUTE                                  00000000000000000000000000000000000                 
7560001300162U 110000000000000000000000000000000000000000000000000000000000000000000000000000000000000000000000000000000000000000000000000610202000000000    00000000000000000000000                              75600000000000000000000       
7560001300163T 1104609000000000793400001120024201014     115500000000000005102020000000000006500756046090MARIA DELZA MARTINS ARAUJ091000028776992268SALUTE                                  00000000000000000000000000000000000                 
7560001300164U 110000000000000000000000000000000000000000000000000000000000000000000000000000000000000000000000000000000000000000000000000610202000000000    00000000000000000000000                              75600000000000000000000       
7560001300165T 1104609000000000793400001120339801014     115300000000000005102020000000000006500756046090ANA PAULA BRITO ALVES    091000074339893234SALUTE                                  00000000000000000000000000000000000                 
7560001300166U 110000000000000000000000000000000000000000000000000000000000000000000000000000000000000000000000000000000000000000000000000610202000000000    00000000000000000000000                              75600000000000000000000       
7560001300167T 1104609000000000793400001120562101014     115000000000000005102020000000000006500756046090SERGIO MARCIO DANTAS MANI091000044643381353SERGIO MARCIO DANTAS MANICOBA           00000000000000000000000000000000000                 
7560001300168U 110000000000000000000000000000000000000000000000000000000000000000000000000000000000000000000000000000000000000000000000000610202000000000    00000000000000000000000                              75600000000000000000000       
7560001300169T 1104609000000000793400001120653701014     117000000000000005102020000000000006500756046090ROSANGELA SANTANA VIEIRA 091000069095680282ROSANGELA SANTANA VIEIRA                00000000000000000000000000000000000                 
7560001300170U 110000000000000000000000000000000000000000000000000000000000000000000000000000000000000000000000000000000000000000000000000610202000000000    00000000000000000000000                              75600000000000000000000       
7560001300171T 1104609000000000793400001120679801014     119000000000000005102020000000000006500756046090RUTH SOUZA CHAVES        091000007263953234RUTH SOUZA CHAVES                       00000000000000000000000000000000000                 
7560001300172U 110000000000000000000000000000000000000000000000000000000000000000000000000000000000000000000000000000000000000000000000000610202000000000    00000000000000000000000                              75600000000000000000000       
7560001300173T 1104609000000000793400001120835801014     127000000000000005102020000000000006500756046090RAIMUNDO SILVA VIEIRA    091000056173660253RAIMUNDO SILVA VIEIRA                   00000000000000000000000000000000000                 
7560001300174U 110000000000000000000000000000000000000000000000000000000000000000000000000000000000000000000000000000000000000000000000000610202000000000    00000000000000000000000                              75600000000000000000000       
7560001300175T 1104609000000000793400001120911301014     127000000000000005102020000000000006500756046090ROSELY SAMPAIO MARQUES DE091000030034892249ROSELY SAMPAIO MARQUES DE SOUZA         00000000000000000000000000000000000                 
7560001300176U 110000000000000000000000000000000000000000000000000000000000000000000000000000000000000000000000000000000000000000000000000610202000000000    00000000000000000000000                              75600000000000000000000       
7560001300177T 1104609000000000793400001120937401014     129000000000000005102020000000000006500756046090LUCIANA DOS SANTOS ANICAC091000001696975255LUCIANA DOS SANTOS ANICACIO             00000000000000000000000000000000000                 
7560001300178U 110000000000000000000000000000000000000000000000000000000000000000000000000000000000000000000000000000000000000000000000000610202000000000    00000000000000000000000                              75600000000000000000000       
7560001300179T 1104609000000000793400001121081101014     170000000000000005102020000000000006500756046090EPITACIO CARNEIRO DA SILV091000024893510282EPITACIO CARNEIRO DA SILVA              00000000000000000000000000000000000                 
7560001300180U 110000000000000000000000000000000000000000000000000000000000000000000000000000000000000000000000000000000000000000000000000610202000000000    00000000000000000000000                              75600000000000000000000       
7560001300181T 1104609000000000793400001121173401014     131000000000000005102020000000000006500756046090JEFERSON LOPES SANTOS    091000000104721260JEFERSON LOPES SANTOS                   00000000000000000000000000000000000                 
7560001300182U 110000000000000000000000000000000000000000000000000000000000000000000000000000000000000000000000000000000000000000000000000610202000000000    00000000000000000000000                              75600000000000000000000       
7560001300183T 1104609000000000793400001121252101014     129000000000000005102020000000000006500756046090FLAVIO COSTA DE OLIVEIRA 091000052817717287FLAVIO COSTA DE OLIVEIRA                00000000000000000000000000000000000                 
7560001300184U 110000000000000000000000000000000000000000000000000000000000000000000000000000000000000000000000000000000000000000000000000610202000000000    00000000000000000000000                              75600000000000000000000       
7560001300185T 1104609000000000793400001121265701014     135000000000000005102020000000000006500756046090MARCO AURELIO DIOGO      091000059591064268MARCO AURELIO DIOGO                     00000000000000000000000000000000000                 
7560001300186U 110000000000000000000000000000000000000000000000000000000000000000000000000000000000000000000000000000000000000000000000000610202000000000    00000000000000000000000                              75600000000000000000000       
7560001300187T 1104609000000000793400001121278201014     133000000000000005102020000000000006500756046090TATIANA CARDOSO BARRETO A091000071156593387TATIANA CARDOSO BARRETO ALMEIDA         00000000000000000000000000000000000                 
7560001300188U 110000000000000000000000000000000000000000000000000000000000000000000000000000000000000000000000000000000000000000000000000610202000000000    00000000000000000000000                              75600000000000000000000       
7560001300189T 1104609000000000793400001121317501014     131000000000000005102020000000000006500756046090ELIANA MORAIS QUEIROZ    091000037881140291ELIANA MORAIS QUEIROZ                   00000000000000000000000000000000000                 
7560001300190U 110000000000000000000000000000000000000000000000000000000000000000000000000000000000000000000000000000000000000000000000000610202000000000    00000000000000000000000                              75600000000000000000000       
7560001300191T 1104609000000000793400001121382401014     135000000000000005102020000000000006500756046090SIDINEIA DA SILVA SOUZA  091000000939179296SIDINEIA DA SILVA SOUZA                 00000000000000000000000000000000000                 
7560001300192U 110000000000000000000000000000000000000000000000000000000000000000000000000000000000000000000000000000000000000000000000000610202000000000    00000000000000000000000                              75600000000000000000000       
7560001300193T 1104609000000000793400001121419101014     133000000000000005102020000000000006500756046090DANILO DA SILVA FERREIRA 091000039612139253DANILO DA SILVA FERREIRA                00000000000000000000000000000000000                 
7560001300194U 110000000000000000000000000000000000000000000000000000000000000000000000000000000000000000000000000000000000000000000000000610202000000000    00000000000000000000000                              75600000000000000000000       
7560001300195T 1104609000000000793400001121693001014     129000000000000005102020000000000006500756046090EDSON ALMADA DA SILVA    091000073625272172EDSON ALMADA DA SILVA                   00000000000000000000000000000000000                 
7560001300196U 110000000000000000000000000000000000000000000000000000000000000000000000000000000000000000000000000000000000000000000000000610202000000000    00000000000000000000000                              75600000000000000000000       
7560001300197T 1104609000000000793400001122095301014     150000000000000005102020000000000006750756046090RUBINALDO DE JESUS       091000041108019234RUBINALDO DE JESUS                      00000000000000000000000000000000000                 
7560001300198U 110000000000000000000000000000000000000000000000000000000000000000000000000000000000000000000000000000000000000000000000000610202000000000    00000000000000000000000                              75600000000000000000000       
7560001300199T 1104609000000000793400001122122801014     170000000000000005102020000000000006500756046090REJANE CESAR ARAUJO      091000078477638268REJANE CESAR ARAUJO                     00000000000000000000000000000000000                 
7560001300200U 110000000000000000000000000000000000000000000000000000000000000000000000000000000000000000000000000000000000000000000000000610202000000000    00000000000000000000000                              75600000000000000000000       
7560001300201T 1104609000000000793400001122279901014     130000000000000005102020000000000006500756046090CAROLLINE MILHOMEM RODRIG091000076142060297CAROLLINE MILHOMEM RODRIGUES            00000000000000000000000000000000000                 
7560001300202U 110000000000000000000000000000000000000000000000000000000000000000000000000000000000000000000000000000000000000000000000000610202000000000    00000000000000000000000                              75600000000000000000000       
7560001300203T 1104609000000000793400001122305601014     190000000000000005102020000000000006500756046090JUSCELIA PAES DOS SANTOS 091000094369682215JUSCELIA PAES DOS SANTOS LIMA           00000000000000000000000000000000000                 
7560001300204U 110000000000000000000000000000000000000000000000000000000000000000000000000000000000000000000000000000000000000000000000000610202000000000    00000000000000000000000                              75600000000000000000000       
7560001300205T 1104609000000000793400001122357901014     110000000000000005102020000000000006500756046090JOSE RIBAMAR OLIVEIRA DE 091000015780660506JOSE RIBAMAR OLIVEIRA DE ABREU          00000000000000000000000000000000000                 
7560001300206U 110000000000000000000000000000000000000000000000000000000000000000000000000000000000000000000000000000000000000000000000000610202000000000    00000000000000000000000                              75600000000000000000000       
7560001300207T 1104609000000000793400001122657401014     130000000000000005102020000000000006500756046090MARIA DE FATIMA AMERICO C091000046290966200MARIA DE FATIMA AMERICO CAVALCANTE      00000000000000000000000000000000000                 
7560001300208U 110000000000000000000000000000000000000000000000000000000000000000000000000000000000000000000000000000000000000000000000000610202000000000    00000000000000000000000                              75600000000000000000000       
7560001300209T 1104609000000000793400001122781301014     150000000000000005102020000000000006500756046090LEONARDO SIQUEIRA MENESES091000072054310263LEONARDO SIQUEIRA MENESES               00000000000000000000000000000000000                 
7560001300210U 110000000000000000000000000000000000000000000000000000000000000000000000000000000000000000000000000000000000000000000000000610202000000000    00000000000000000000000                              75600000000000000000000       
7560001300211T 1104609000000000793400001123028901014     170000000000000005102020000000000006500756046090AUDINEY BARBOSA MANACAS  091000032784376249AUDINEY BARBOSA MANACAS                 00000000000000000000000000000000000                 
7560001300212U 110000000000000000000000000000000000000000000000000000000000000000000000000000000000000000000000000000000000000000000000000610202000000000    00000000000000000000000                              75600000000000000000000       
7560001300213T 1104609000000000793400001123054001014     110000000000000005102020000000000006500756046090ANDRESSA DOS SANTOS MIRAN091000090291441220ANDRESSA DOS SANTOS MIRANDA             00000000000000000000000000000000000                 
7560001300214U 110000000000000000000000000000000000000000000000000000000000000000000000000000000000000000000000000000000000000000000000000610202000000000    00000000000000000000000                              75600000000000000000000       
7560001300215T 1104609000000000793400001123067601014     150000000000000005102020000000000006500756046090MARLY ROSSATO MARQUES    091000028336593268MARLY ROSSATO MARQUES                   00000000000000000000000000000000000                 
7560001300216U 110000000000000000000000000000000000000000000000000000000000000000000000000000000000000000000000000000000000000000000000000610202000000000    00000000000000000000000                              75600000000000000000000       
75600015         00021800010800000000000705250000000000000000000000000000000000000000000000000000000000000000000000                                                                                                                             
75699999         000001000220000000                                                                                                                                                                                                             
