75600000         2358123090001600202088             04609400000000793401SALUTE                        SICOOB                                  11206202013161800000108100000                                                                     
7560001300001P 0204609400000000793401001117278001014          10 21100000000000000120620200000000001000000000DMN120620200000000000000000000000000000000000000000000000000000000000000000000000TESTE CNAB               1000   090000000000 
75699999         000002000002000002                                                                                                                                                                                                             