75600000         235812309000160                    04609000000000793400SALUTE ATIVIDADES DE INTERMEDISICOOB                                  21008202009550900002508500000                                                                     
75600011T01  043 2035812309000160          460900000804609000000000793400SALUTE ATIVIDADES DE INTERMEDI                                                                                000000001008202000000000                                 
7560001300001T 0204609000000000793400001120600701014     150000000000000010092020000000000006500756046090JOAO BATISTA DA SILVA    091000012106470282JOAO BATISTA DA SILVA                   000000000000000000000000000000000A4                 
7560001300002U 020000000000000000000000000000000000000000000000000000000000000000000000000000000000000000000000000000000000000000000000000508202000000000    00000000000000000000000                              75600000000000000000000       
7560001300003T 0204609000000000793400001120601401014     129000000000000010102020000000000006500756046090JOAO BATISTA DA SILVA    091000012106470282JOAO BATISTA DA SILVA                   000000000000000000000000000000000A4                 
7560001300004U 020000000000000000000000000000000000000000000000000000000000000000000000000000000000000000000000000000000000000000000000000508202000000000    00000000000000000000000                              75600000000000000000000       
7560001300005T 0204609000000000793400001120602101014     141000000000000010112020000000000006500756046090JOAO BATISTA DA SILVA    091000012106470282JOAO BATISTA DA SILVA                   000000000000000000000000000000000A4                 
7560001300006U 020000000000000000000000000000000000000000000000000000000000000000000000000000000000000000000000000000000000000000000000000508202000000000    00000000000000000000000                              75600000000000000000000       
7560001300007T 0204609000000000793400001120603901014     159000000000000010122020000000000006500756046090JOAO BATISTA DA SILVA    091000012106470282JOAO BATISTA DA SILVA                   000000000000000000000000000000000A4                 
7560001300008U 020000000000000000000000000000000000000000000000000000000000000000000000000000000000000000000000000000000000000000000000000508202000000000    00000000000000000000000                              75600000000000000000000       
7560001300009T 0204609000000000793400001120604601014     173000000000000010012021000000000006500756046090JOAO BATISTA DA SILVA    091000012106470282JOAO BATISTA DA SILVA                   000000000000000000000000000000000A4                 
7560001300010U 020000000000000000000000000000000000000000000000000000000000000000000000000000000000000000000000000000000000000000000000000508202000000000    00000000000000000000000                              75600000000000000000000       
7560001300011T 0204609000000000793400001120605301014     185000000000000010022021000000000006500756046090JOAO BATISTA DA SILVA    091000012106470282JOAO BATISTA DA SILVA                   000000000000000000000000000000000A4                 
7560001300012U 020000000000000000000000000000000000000000000000000000000000000000000000000000000000000000000000000000000000000000000000000508202000000000    00000000000000000000000                              75600000000000000000000       
7560001300013T 0204609000000000793400001120606001014     110900000000000010032021000000000006500756046090JOAO BATISTA DA SILVA    091000012106470282JOAO BATISTA DA SILVA                   000000000000000000000000000000000A4                 
7560001300014U 020000000000000000000000000000000000000000000000000000000000000000000000000000000000000000000000000000000000000000000000000508202000000000    00000000000000000000000                              75600000000000000000000       
7560001300015T 0204609000000000793400001120607801014     111900000000000010042021000000000006500756046090JOAO BATISTA DA SILVA    091000012106470282JOAO BATISTA DA SILVA                   000000000000000000000000000000000A4                 
7560001300016U 020000000000000000000000000000000000000000000000000000000000000000000000000000000000000000000000000000000000000000000000000508202000000000    00000000000000000000000                              75600000000000000000000       
7560001300017T 0204609000000000793400001120608501014     113700000000000010052021000000000006500756046090JOAO BATISTA DA SILVA    091000012106470282JOAO BATISTA DA SILVA                   000000000000000000000000000000000A4                 
7560001300018U 020000000000000000000000000000000000000000000000000000000000000000000000000000000000000000000000000000000000000000000000000508202000000000    00000000000000000000000                              75600000000000000000000       
7560001300019T 0204609000000000793400001120609201014     115500000000000010062021000000000006500756046090JOAO BATISTA DA SILVA    091000012106470282JOAO BATISTA DA SILVA                   000000000000000000000000000000000A4                 
7560001300020U 020000000000000000000000000000000000000000000000000000000000000000000000000000000000000000000000000000000000000000000000000508202000000000    00000000000000000000000                              75600000000000000000000       
7560001300021T 0204609000000000793400001120610001014     117100000000000010072021000000000006500756046090JOAO BATISTA DA SILVA    091000012106470282JOAO BATISTA DA SILVA                   000000000000000000000000000000000A4                 
7560001300022U 020000000000000000000000000000000000000000000000000000000000000000000000000000000000000000000000000000000000000000000000000508202000000000    00000000000000000000000                              75600000000000000000000       
7560001300023T 0204609000000000793400001120611801014     118100000000000010082021000000000006500756046090JOAO BATISTA DA SILVA    091000012106470282JOAO BATISTA DA SILVA                   000000000000000000000000000000000A4                 
7560001300024U 020000000000000000000000000000000000000000000000000000000000000000000000000000000000000000000000000000000000000000000000000508202000000000    00000000000000000000000                              75600000000000000000000       
7560001300025T 0204609000000000793400001120613201014     131000000000000010102020000000000006500756046090SANDRA DE SOUSA          091000000998113247SANDRA DE SOUSA                         000000000000000000000000000000000A4                 
7560001300026U 020000000000000000000000000000000000000000000000000000000000000000000000000000000000000000000000000000000000000000000000000508202000000000    00000000000000000000000                              75600000000000000000000       
7560001300027T 0204609000000000793400001120614001014     113000000000000010092020000000000006500756046090SANDRA DE SOUSA          091000000998113247SANDRA DE SOUSA                         000000000000000000000000000000000A4                 
7560001300028U 020000000000000000000000000000000000000000000000000000000000000000000000000000000000000000000000000000000000000000000000000508202000000000    00000000000000000000000                              75600000000000000000000       
7560001300029T 0204609000000000793400001120615701014     147000000000000010112020000000000006500756046090SANDRA DE SOUSA          091000000998113247SANDRA DE SOUSA                         000000000000000000000000000000000A4                 
7560001300030U 020000000000000000000000000000000000000000000000000000000000000000000000000000000000000000000000000000000000000000000000000508202000000000    00000000000000000000000                              75600000000000000000000       
7560001300031T 0204609000000000793400001120616401014     191000000000000010022021000000000006500756046090SANDRA DE SOUSA          091000000998113247SANDRA DE SOUSA                         000000000000000000000000000000000A4                 
7560001300032U 020000000000000000000000000000000000000000000000000000000000000000000000000000000000000000000000000000000000000000000000000508202000000000    00000000000000000000000                              75600000000000000000000       
7560001300033T 0204609000000000793400001120617101014     163000000000000010122020000000000006500756046090SANDRA DE SOUSA          091000000998113247SANDRA DE SOUSA                         000000000000000000000000000000000A4                 
7560001300034U 020000000000000000000000000000000000000000000000000000000000000000000000000000000000000000000000000000000000000000000000000508202000000000    00000000000000000000000                              75600000000000000000000       
7560001300035T 0204609000000000793400001120618901014     177000000000000010012021000000000006500756046090SANDRA DE SOUSA          091000000998113247SANDRA DE SOUSA                         000000000000000000000000000000000A4                 
7560001300036U 020000000000000000000000000000000000000000000000000000000000000000000000000000000000000000000000000000000000000000000000000508202000000000    00000000000000000000000                              75600000000000000000000       
7560001300037T 0204609000000000793400001120619601014     111100000000000010032021000000000006500756046090SANDRA DE SOUSA          091000000998113247SANDRA DE SOUSA                         000000000000000000000000000000000A4                 
7560001300038U 020000000000000000000000000000000000000000000000000000000000000000000000000000000000000000000000000000000000000000000000000508202000000000    00000000000000000000000                              75600000000000000000000       
7560001300039T 0204609000000000793400001120620401014     118300000000000010082021000000000006500756046090SANDRA DE SOUSA          091000000998113247SANDRA DE SOUSA                         000000000000000000000000000000000A4                 
7560001300040U 020000000000000000000000000000000000000000000000000000000000000000000000000000000000000000000000000000000000000000000000000508202000000000    00000000000000000000000                              75600000000000000000000       
7560001300041T 0204609000000000793400001120621101014     112300000000000010042021000000000006500756046090SANDRA DE SOUSA          091000000998113247SANDRA DE SOUSA                         000000000000000000000000000000000A4                 
7560001300042U 020000000000000000000000000000000000000000000000000000000000000000000000000000000000000000000000000000000000000000000000000508202000000000    00000000000000000000000                              75600000000000000000000       
7560001300043T 0204609000000000793400001120622901014     113900000000000010052021000000000006500756046090SANDRA DE SOUSA          091000000998113247SANDRA DE SOUSA                         000000000000000000000000000000000A4                 
7560001300044U 020000000000000000000000000000000000000000000000000000000000000000000000000000000000000000000000000000000000000000000000000508202000000000    00000000000000000000000                              75600000000000000000000       
7560001300045T 0204609000000000793400001120623601014     115700000000000010062021000000000006500756046090SANDRA DE SOUSA          091000000998113247SANDRA DE SOUSA                         000000000000000000000000000000000A4                 
7560001300046U 020000000000000000000000000000000000000000000000000000000000000000000000000000000000000000000000000000000000000000000000000508202000000000    00000000000000000000000                              75600000000000000000000       
7560001300047T 0204609000000000793400001120624301014     117500000000000010072021000000000006500756046090SANDRA DE SOUSA          091000000998113247SANDRA DE SOUSA                         000000000000000000000000000000000A4                 
7560001300048U 020000000000000000000000000000000000000000000000000000000000000000000000000000000000000000000000000000000000000000000000000508202000000000    00000000000000000000000                              75600000000000000000000       
7560001300049T 0204609000000000793400001120626801014     170000000000000010092020000000000006500756046090RAIMUNDA NONATA ALVES DO 091000074629697268RAIMUNDA NONATA ALVES DO SANTOS         000000000000000000000000000000000A4                 
7560001300050U 020000000000000000000000000000000000000000000000000000000000000000000000000000000000000000000000000000000000000000000000000508202000000000    00000000000000000000000                              75600000000000000000000       
7560001300051T 0204609000000000793400001120627501014     121000000000000010102020000000000006500756046090RAIMUNDA NONATA ALVES DO 091000074629697268RAIMUNDA NONATA ALVES DO SANTOS         000000000000000000000000000000000A4                 
7560001300052U 020000000000000000000000000000000000000000000000000000000000000000000000000000000000000000000000000000000000000000000000000508202000000000    00000000000000000000000                              75600000000000000000000       
7560001300053T 0204609000000000793400001120628201014     137000000000000010112020000000000006500756046090RAIMUNDA NONATA ALVES DO 091000074629697268RAIMUNDA NONATA ALVES DO SANTOS         000000000000000000000000000000000A4                 
7560001300054U 020000000000000000000000000000000000000000000000000000000000000000000000000000000000000000000000000000000000000000000000000508202000000000    00000000000000000000000                              75600000000000000000000       
7560001300055T 0204609000000000793400001120629001014     157000000000000010122020000000000006500756046090RAIMUNDA NONATA ALVES DO 091000074629697268RAIMUNDA NONATA ALVES DO SANTOS         000000000000000000000000000000000A4                 
7560001300056U 020000000000000000000000000000000000000000000000000000000000000000000000000000000000000000000000000000000000000000000000000508202000000000    00000000000000000000000                              75600000000000000000000       
7560001300057T 0204609000000000793400001120630801014     179000000000000010012021000000000006500756046090RAIMUNDA NONATA ALVES DO 091000074629697268RAIMUNDA NONATA ALVES DO SANTOS         000000000000000000000000000000000A4                 
7560001300058U 020000000000000000000000000000000000000000000000000000000000000000000000000000000000000000000000000000000000000000000000000508202000000000    00000000000000000000000                              75600000000000000000000       
7560001300059T 0204609000000000793400001120631501014     189000000000000010022021000000000006500756046090RAIMUNDA NONATA ALVES DO 091000074629697268RAIMUNDA NONATA ALVES DO SANTOS         000000000000000000000000000000000A4                 
7560001300060U 020000000000000000000000000000000000000000000000000000000000000000000000000000000000000000000000000000000000000000000000000508202000000000    00000000000000000000000                              75600000000000000000000       
7560001300061T 0204609000000000793400001120632201014     110100000000000010032021000000000006500756046090RAIMUNDA NONATA ALVES DO 091000074629697268RAIMUNDA NONATA ALVES DO SANTOS         000000000000000000000000000000000A4                 
7560001300062U 020000000000000000000000000000000000000000000000000000000000000000000000000000000000000000000000000000000000000000000000000508202000000000    00000000000000000000000                              75600000000000000000000       
7560001300063T 0204609000000000793400001120633001014     111700000000000010042021000000000006500756046090RAIMUNDA NONATA ALVES DO 091000074629697268RAIMUNDA NONATA ALVES DO SANTOS         000000000000000000000000000000000A4                 
7560001300064U 020000000000000000000000000000000000000000000000000000000000000000000000000000000000000000000000000000000000000000000000000508202000000000    00000000000000000000000                              75600000000000000000000       
7560001300065T 0204609000000000793400001120634701014     113500000000000010052021000000000006500756046090RAIMUNDA NONATA ALVES DO 091000074629697268RAIMUNDA NONATA ALVES DO SANTOS         000000000000000000000000000000000A4                 
7560001300066U 020000000000000000000000000000000000000000000000000000000000000000000000000000000000000000000000000000000000000000000000000508202000000000    00000000000000000000000                              75600000000000000000000       
7560001300067T 0204609000000000793400001120635401014     115100000000000010062021000000000006500756046090RAIMUNDA NONATA ALVES DO 091000074629697268RAIMUNDA NONATA ALVES DO SANTOS         000000000000000000000000000000000A4                 
7560001300068U 020000000000000000000000000000000000000000000000000000000000000000000000000000000000000000000000000000000000000000000000000508202000000000    00000000000000000000000                              75600000000000000000000       
7560001300069T 0204609000000000793400001120636101014     116500000000000010072021000000000006500756046090RAIMUNDA NONATA ALVES DO 091000074629697268RAIMUNDA NONATA ALVES DO SANTOS         000000000000000000000000000000000A4                 
7560001300070U 020000000000000000000000000000000000000000000000000000000000000000000000000000000000000000000000000000000000000000000000000508202000000000    00000000000000000000000                              75600000000000000000000       
7560001300071T 0204609000000000793400001120637901014     118700000000000010082021000000000006500756046090RAIMUNDA NONATA ALVES DO 091000074629697268RAIMUNDA NONATA ALVES DO SANTOS         000000000000000000000000000000000A4                 
7560001300072U 020000000000000000000000000000000000000000000000000000000000000000000000000000000000000000000000000000000000000000000000000508202000000000    00000000000000000000000                              75600000000000000000000       
7560001300073T 0204609000000000793400001120639301014     125000000000000010102020000000000006500756046090MARIA ANTONIA RIBEIRO DA 091000007206397271MARIA ANTONIA RIBEIRO DA SILVA          000000000000000000000000000000000A4                 
7560001300074U 020000000000000000000000000000000000000000000000000000000000000000000000000000000000000000000000000000000000000000000000000508202000000000    00000000000000000000000                              75600000000000000000000       
7560001300075T 0204609000000000793400001120640101014     111000000000000010092020000000000006500756046090MARIA ANTONIA RIBEIRO DA 091000007206397271MARIA ANTONIA RIBEIRO DA SILVA          000000000000000000000000000000000A4                 
7560001300076U 020000000000000000000000000000000000000000000000000000000000000000000000000000000000000000000000000000000000000000000000000508202000000000    00000000000000000000000                              75600000000000000000000       
7560001300077T 0204609000000000793400001120641901014     161000000000000010122020000000000006500756046090MARIA ANTONIA RIBEIRO DA 091000007206397271MARIA ANTONIA RIBEIRO DA SILVA          000000000000000000000000000000000A4                 
7560001300078U 020000000000000000000000000000000000000000000000000000000000000000000000000000000000000000000000000000000000000000000000000508202000000000    00000000000000000000000                              75600000000000000000000       
7560001300079T 0204609000000000793400001120642601014     143000000000000010112020000000000006500756046090MARIA ANTONIA RIBEIRO DA 091000007206397271MARIA ANTONIA RIBEIRO DA SILVA          000000000000000000000000000000000A4                 
7560001300080U 020000000000000000000000000000000000000000000000000000000000000000000000000000000000000000000000000000000000000000000000000508202000000000    00000000000000000000000                              75600000000000000000000       
7560001300081T 0204609000000000793400001120643301014     193000000000000010022021000000000006500756046090MARIA ANTONIA RIBEIRO DA 091000007206397271MARIA ANTONIA RIBEIRO DA SILVA          000000000000000000000000000000000A4                 
7560001300082U 020000000000000000000000000000000000000000000000000000000000000000000000000000000000000000000000000000000000000000000000000508202000000000    00000000000000000000000                              75600000000000000000000       
7560001300083T 0204609000000000793400001120644001014     171000000000000010012021000000000006500756046090MARIA ANTONIA RIBEIRO DA 091000007206397271MARIA ANTONIA RIBEIRO DA SILVA          000000000000000000000000000000000A4                 
7560001300084U 020000000000000000000000000000000000000000000000000000000000000000000000000000000000000000000000000000000000000000000000000508202000000000    00000000000000000000000                              75600000000000000000000       
7560001300085T 0204609000000000793400001120645801014     112500000000000010042021000000000006500756046090MARIA ANTONIA RIBEIRO DA 091000007206397271MARIA ANTONIA RIBEIRO DA SILVA          000000000000000000000000000000000A4                 
7560001300086U 020000000000000000000000000000000000000000000000000000000000000000000000000000000000000000000000000000000000000000000000000508202000000000    00000000000000000000000                              75600000000000000000000       
7560001300087T 0204609000000000793400001120646501014     110500000000000010032021000000000006500756046090MARIA ANTONIA RIBEIRO DA 091000007206397271MARIA ANTONIA RIBEIRO DA SILVA          000000000000000000000000000000000A4                 
7560001300088U 020000000000000000000000000000000000000000000000000000000000000000000000000000000000000000000000000000000000000000000000000508202000000000    00000000000000000000000                              75600000000000000000000       
7560001300089T 0204609000000000793400001120647201014     114100000000000010052021000000000006500756046090MARIA ANTONIA RIBEIRO DA 091000007206397271MARIA ANTONIA RIBEIRO DA SILVA          000000000000000000000000000000000A4                 
7560001300090U 020000000000000000000000000000000000000000000000000000000000000000000000000000000000000000000000000000000000000000000000000508202000000000    00000000000000000000000                              75600000000000000000000       
7560001300091T 0204609000000000793400001120648001014     115300000000000010062021000000000006500756046090MARIA ANTONIA RIBEIRO DA 091000007206397271MARIA ANTONIA RIBEIRO DA SILVA          000000000000000000000000000000000A4                 
7560001300092U 020000000000000000000000000000000000000000000000000000000000000000000000000000000000000000000000000000000000000000000000000508202000000000    00000000000000000000000                              75600000000000000000000       
7560001300093T 0204609000000000793400001120649701014     117300000000000010072021000000000006500756046090MARIA ANTONIA RIBEIRO DA 091000007206397271MARIA ANTONIA RIBEIRO DA SILVA          000000000000000000000000000000000A4                 
7560001300094U 020000000000000000000000000000000000000000000000000000000000000000000000000000000000000000000000000000000000000000000000000508202000000000    00000000000000000000000                              75600000000000000000000       
7560001300095T 0204609000000000793400001120650501014     118500000000000010082021000000000006500756046090MARIA ANTONIA RIBEIRO DA 091000007206397271MARIA ANTONIA RIBEIRO DA SILVA          000000000000000000000000000000000A4                 
7560001300096U 020000000000000000000000000000000000000000000000000000000000000000000000000000000000000000000000000000000000000000000000000508202000000000    00000000000000000000000                              75600000000000000000000       
7560001300097T 0204609000000000793400001120652001014     110000000000000005092020000000000006500756046090ROSANGELA SANTANA VIEIRA 091000069095680282ROSANGELA SANTANA VIEIRA                000000000000000000000000000000000A4                 
7560001300098U 020000000000000000000000000000000000000000000000000000000000000000000000000000000000000000000000000000000000000000000000000508202000000000    00000000000000000000000                              75600000000000000000000       
7560001300099T 0204609000000000793400001120653701014     117000000000000005102020000000000006500756046090ROSANGELA SANTANA VIEIRA 091000069095680282ROSANGELA SANTANA VIEIRA                000000000000000000000000000000000A4                 
7560001300100U 020000000000000000000000000000000000000000000000000000000000000000000000000000000000000000000000000000000000000000000000000508202000000000    00000000000000000000000                              75600000000000000000000       
7560001300101T 0204609000000000793400001120654401014     133000000000000005112020000000000006500756046090ROSANGELA SANTANA VIEIRA 091000069095680282ROSANGELA SANTANA VIEIRA                000000000000000000000000000000000A4                 
7560001300102U 020000000000000000000000000000000000000000000000000000000000000000000000000000000000000000000000000000000000000000000000000508202000000000    00000000000000000000000                              75600000000000000000000       
7560001300103T 0204609000000000793400001120655101014     151000000000000005122020000000000006500756046090ROSANGELA SANTANA VIEIRA 091000069095680282ROSANGELA SANTANA VIEIRA                000000000000000000000000000000000A4                 
7560001300104U 020000000000000000000000000000000000000000000000000000000000000000000000000000000000000000000000000000000000000000000000000508202000000000    00000000000000000000000                              75600000000000000000000       
7560001300105T 0204609000000000793400001120656901014     165000000000000005012021000000000006500756046090ROSANGELA SANTANA VIEIRA 091000069095680282ROSANGELA SANTANA VIEIRA                000000000000000000000000000000000A4                 
7560001300106U 020000000000000000000000000000000000000000000000000000000000000000000000000000000000000000000000000000000000000000000000000508202000000000    00000000000000000000000                              75600000000000000000000       
7560001300107T 0204609000000000793400001120657601014     183000000000000005022021000000000006500756046090ROSANGELA SANTANA VIEIRA 091000069095680282ROSANGELA SANTANA VIEIRA                000000000000000000000000000000000A4                 
7560001300108U 020000000000000000000000000000000000000000000000000000000000000000000000000000000000000000000000000000000000000000000000000508202000000000    00000000000000000000000                              75600000000000000000000       
7560001300109T 0204609000000000793400001120658301014     199000000000000005032021000000000006500756046090ROSANGELA SANTANA VIEIRA 091000069095680282ROSANGELA SANTANA VIEIRA                000000000000000000000000000000000A4                 
7560001300110U 020000000000000000000000000000000000000000000000000000000000000000000000000000000000000000000000000000000000000000000000000508202000000000    00000000000000000000000                              75600000000000000000000       
7560001300111T 0204609000000000793400001120659001014     111300000000000005042021000000000006500756046090ROSANGELA SANTANA VIEIRA 091000069095680282ROSANGELA SANTANA VIEIRA                000000000000000000000000000000000A4                 
7560001300112U 020000000000000000000000000000000000000000000000000000000000000000000000000000000000000000000000000000000000000000000000000508202000000000    00000000000000000000000                              75600000000000000000000       
7560001300113T 0204609000000000793400001120660901014     113100000000000005052021000000000006500756046090ROSANGELA SANTANA VIEIRA 091000069095680282ROSANGELA SANTANA VIEIRA                000000000000000000000000000000000A4                 
7560001300114U 020000000000000000000000000000000000000000000000000000000000000000000000000000000000000000000000000000000000000000000000000508202000000000    00000000000000000000000                              75600000000000000000000       
7560001300115T 0204609000000000793400001120661601014     114500000000000005062021000000000006500756046090ROSANGELA SANTANA VIEIRA 091000069095680282ROSANGELA SANTANA VIEIRA                000000000000000000000000000000000A4                 
7560001300116U 020000000000000000000000000000000000000000000000000000000000000000000000000000000000000000000000000000000000000000000000000508202000000000    00000000000000000000000                              75600000000000000000000       
7560001300117T 0204609000000000793400001120662301014     116300000000000005072021000000000006500756046090ROSANGELA SANTANA VIEIRA 091000069095680282ROSANGELA SANTANA VIEIRA                000000000000000000000000000000000A4                 
7560001300118U 020000000000000000000000000000000000000000000000000000000000000000000000000000000000000000000000000000000000000000000000000508202000000000    00000000000000000000000                              75600000000000000000000       
7560001300119T 0204609000000000793400001120663001014     117700000000000005082021000000000006500756046090ROSANGELA SANTANA VIEIRA 091000069095680282ROSANGELA SANTANA VIEIRA                000000000000000000000000000000000A4                 
7560001300120U 020000000000000000000000000000000000000000000000000000000000000000000000000000000000000000000000000000000000000000000000000508202000000000    00000000000000000000000                              75600000000000000000000       
7560001300121T 0204609000000000793400001120665501014     190000000000000010092020000000000006500756046090ELZA DA SILVA BARBOSA    091000096192933715ELZA DA SILVA BARBOSA                   000000000000000000000000000000000A4                 
7560001300122U 020000000000000000000000000000000000000000000000000000000000000000000000000000000000000000000000000000000000000000000000000508202000000000    00000000000000000000000                              75600000000000000000000       
7560001300123T 0204609000000000793400001120666201014     127000000000000010102020000000000006500756046090ELZA DA SILVA BARBOSA    091000096192933715ELZA DA SILVA BARBOSA                   000000000000000000000000000000000A4                 
7560001300124U 020000000000000000000000000000000000000000000000000000000000000000000000000000000000000000000000000000000000000000000000000508202000000000    00000000000000000000000                              75600000000000000000000       
7560001300125T 0204609000000000793400001120667001014     145000000000000010112020000000000006500756046090ELZA DA SILVA BARBOSA    091000096192933715ELZA DA SILVA BARBOSA                   000000000000000000000000000000000A4                 
7560001300126U 020000000000000000000000000000000000000000000000000000000000000000000000000000000000000000000000000000000000000000000000000508202000000000    00000000000000000000000                              75600000000000000000000       
7560001300127T 0204609000000000793400001120668701014     153000000000000010122020000000000006500756046090ELZA DA SILVA BARBOSA    091000096192933715ELZA DA SILVA BARBOSA                   000000000000000000000000000000000A4                 
7560001300128U 020000000000000000000000000000000000000000000000000000000000000000000000000000000000000000000000000000000000000000000000000508202000000000    00000000000000000000000                              75600000000000000000000       
7560001300129T 0204609000000000793400001120669401014     169000000000000010012021000000000006500756046090ELZA DA SILVA BARBOSA    091000096192933715ELZA DA SILVA BARBOSA                   000000000000000000000000000000000A4                 
7560001300130U 020000000000000000000000000000000000000000000000000000000000000000000000000000000000000000000000000000000000000000000000000508202000000000    00000000000000000000000                              75600000000000000000000       
7560001300131T 0204609000000000793400001120670201014     187000000000000010022021000000000006500756046090ELZA DA SILVA BARBOSA    091000096192933715ELZA DA SILVA BARBOSA                   000000000000000000000000000000000A4                 
7560001300132U 020000000000000000000000000000000000000000000000000000000000000000000000000000000000000000000000000000000000000000000000000508202000000000    00000000000000000000000                              75600000000000000000000       
7560001300133T 0204609000000000793400001120671001014     110300000000000010032021000000000006500756046090ELZA DA SILVA BARBOSA    091000096192933715ELZA DA SILVA BARBOSA                   000000000000000000000000000000000A4                 
7560001300134U 020000000000000000000000000000000000000000000000000000000000000000000000000000000000000000000000000000000000000000000000000508202000000000    00000000000000000000000                              75600000000000000000000       
7560001300135T 0204609000000000793400001120672701014     112700000000000010042021000000000006500756046090ELZA DA SILVA BARBOSA    091000096192933715ELZA DA SILVA BARBOSA                   000000000000000000000000000000000A4                 
7560001300136U 020000000000000000000000000000000000000000000000000000000000000000000000000000000000000000000000000000000000000000000000000508202000000000    00000000000000000000000                              75600000000000000000000       
7560001300137T 0204609000000000793400001120673401014     113300000000000010052021000000000006500756046090ELZA DA SILVA BARBOSA    091000096192933715ELZA DA SILVA BARBOSA                   000000000000000000000000000000000A4                 
7560001300138U 020000000000000000000000000000000000000000000000000000000000000000000000000000000000000000000000000000000000000000000000000508202000000000    00000000000000000000000                              75600000000000000000000       
7560001300139T 0204609000000000793400001120674101014     115900000000000010062021000000000006500756046090ELZA DA SILVA BARBOSA    091000096192933715ELZA DA SILVA BARBOSA                   000000000000000000000000000000000A4                 
7560001300140U 020000000000000000000000000000000000000000000000000000000000000000000000000000000000000000000000000000000000000000000000000508202000000000    00000000000000000000000                              75600000000000000000000       
7560001300141T 0204609000000000793400001120675901014     116900000000000010072021000000000006500756046090ELZA DA SILVA BARBOSA    091000096192933715ELZA DA SILVA BARBOSA                   000000000000000000000000000000000A4                 
7560001300142U 020000000000000000000000000000000000000000000000000000000000000000000000000000000000000000000000000000000000000000000000000508202000000000    00000000000000000000000                              75600000000000000000000       
7560001300143T 0204609000000000793400001120676601014     118900000000000010082021000000000006500756046090ELZA DA SILVA BARBOSA    091000096192933715ELZA DA SILVA BARBOSA                   000000000000000000000000000000000A4                 
7560001300144U 020000000000000000000000000000000000000000000000000000000000000000000000000000000000000000000000000000000000000000000000000508202000000000    00000000000000000000000                              75600000000000000000000       
7560001300145T 0204609000000000793400001120678001014     130000000000000005092020000000000006500756046090RUTH SOUZA CHAVES        091000007263953234RUTH SOUZA CHAVES                       000000000000000000000000000000000A4                 
7560001300146U 020000000000000000000000000000000000000000000000000000000000000000000000000000000000000000000000000000000000000000000000000508202000000000    00000000000000000000000                              75600000000000000000000       
7560001300147T 0204609000000000793400001120679801014     119000000000000005102020000000000006500756046090RUTH SOUZA CHAVES        091000007263953234RUTH SOUZA CHAVES                       000000000000000000000000000000000A4                 
7560001300148U 020000000000000000000000000000000000000000000000000000000000000000000000000000000000000000000000000000000000000000000000000508202000000000    00000000000000000000000                              75600000000000000000000       
7560001300149T 0204609000000000793400001120680601014     135000000000000005112020000000000006500756046090RUTH SOUZA CHAVES        091000007263953234RUTH SOUZA CHAVES                       000000000000000000000000000000000A4                 
7560001300150U 020000000000000000000000000000000000000000000000000000000000000000000000000000000000000000000000000000000000000000000000000508202000000000    00000000000000000000000                              75600000000000000000000       
7560001300151T 0204609000000000793400001120681301014     149000000000000005122020000000000006500756046090RUTH SOUZA CHAVES        091000007263953234RUTH SOUZA CHAVES                       000000000000000000000000000000000A4                 
7560001300152U 020000000000000000000000000000000000000000000000000000000000000000000000000000000000000000000000000000000000000000000000000508202000000000    00000000000000000000000                              75600000000000000000000       
7560001300153T 0204609000000000793400001120682001014     167000000000000005012021000000000006500756046090RUTH SOUZA CHAVES        091000007263953234RUTH SOUZA CHAVES                       000000000000000000000000000000000A4                 
7560001300154U 020000000000000000000000000000000000000000000000000000000000000000000000000000000000000000000000000000000000000000000000000508202000000000    00000000000000000000000                              75600000000000000000000       
7560001300155T 0204609000000000793400001120683801014     181000000000000005022021000000000006500756046090RUTH SOUZA CHAVES        091000007263953234RUTH SOUZA CHAVES                       000000000000000000000000000000000A4                 
7560001300156U 020000000000000000000000000000000000000000000000000000000000000000000000000000000000000000000000000000000000000000000000000508202000000000    00000000000000000000000                              75600000000000000000000       
7560001300157T 0204609000000000793400001120684501014     197000000000000005032021000000000006500756046090RUTH SOUZA CHAVES        091000007263953234RUTH SOUZA CHAVES                       000000000000000000000000000000000A4                 
7560001300158U 020000000000000000000000000000000000000000000000000000000000000000000000000000000000000000000000000000000000000000000000000508202000000000    00000000000000000000000                              75600000000000000000000       
7560001300159T 0204609000000000793400001120685201014     111500000000000005042021000000000006500756046090RUTH SOUZA CHAVES        091000007263953234RUTH SOUZA CHAVES                       000000000000000000000000000000000A4                 
7560001300160U 020000000000000000000000000000000000000000000000000000000000000000000000000000000000000000000000000000000000000000000000000508202000000000    00000000000000000000000                              75600000000000000000000       
7560001300161T 0204609000000000793400001120686001014     112900000000000005052021000000000006500756046090RUTH SOUZA CHAVES        091000007263953234RUTH SOUZA CHAVES                       000000000000000000000000000000000A4                 
7560001300162U 020000000000000000000000000000000000000000000000000000000000000000000000000000000000000000000000000000000000000000000000000508202000000000    00000000000000000000000                              75600000000000000000000       
7560001300163T 0204609000000000793400001120687701014     114700000000000005062021000000000006500756046090RUTH SOUZA CHAVES        091000007263953234RUTH SOUZA CHAVES                       000000000000000000000000000000000A4                 
7560001300164U 020000000000000000000000000000000000000000000000000000000000000000000000000000000000000000000000000000000000000000000000000508202000000000    00000000000000000000000                              75600000000000000000000       
7560001300165T 0204609000000000793400001120688401014     116100000000000005072021000000000006500756046090RUTH SOUZA CHAVES        091000007263953234RUTH SOUZA CHAVES                       000000000000000000000000000000000A4                 
7560001300166U 020000000000000000000000000000000000000000000000000000000000000000000000000000000000000000000000000000000000000000000000000508202000000000    00000000000000000000000                              75600000000000000000000       
7560001300167T 0204609000000000793400001120689101014     117900000000000005082021000000000006500756046090RUTH SOUZA CHAVES        091000007263953234RUTH SOUZA CHAVES                       000000000000000000000000000000000A4                 
7560001300168U 020000000000000000000000000000000000000000000000000000000000000000000000000000000000000000000000000000000000000000000000000508202000000000    00000000000000000000000                              75600000000000000000000       
7560001300169T 0204609000000000793400001120691701014     115000000000000010092020000000000006500756046090MARIA ALVES DE SOUSA ARAU091000014088630220MARIA ALVES DE SOUSA ARAUJO             000000000000000000000000000000000A4                 
7560001300170U 020000000000000000000000000000000000000000000000000000000000000000000000000000000000000000000000000000000000000000000000000508202000000000    00000000000000000000000                              75600000000000000000000       
7560001300171T 0204609000000000793400001120692401014     123000000000000010102020000000000006500756046090MARIA ALVES DE SOUSA ARAU091000014088630220MARIA ALVES DE SOUSA ARAUJO             000000000000000000000000000000000A4                 
7560001300172U 020000000000000000000000000000000000000000000000000000000000000000000000000000000000000000000000000000000000000000000000000508202000000000    00000000000000000000000                              75600000000000000000000       
7560001300173T 0204609000000000793400001120693101014     139000000000000010112020000000000006500756046090MARIA ALVES DE SOUSA ARAU091000014088630220MARIA ALVES DE SOUSA ARAUJO             000000000000000000000000000000000A4                 
7560001300174U 020000000000000000000000000000000000000000000000000000000000000000000000000000000000000000000000000000000000000000000000000508202000000000    00000000000000000000000                              75600000000000000000000       
7560001300175T 0204609000000000793400001120694901014     155000000000000010122020000000000006500756046090MARIA ALVES DE SOUSA ARAU091000014088630220MARIA ALVES DE SOUSA ARAUJO             000000000000000000000000000000000A4                 
7560001300176U 020000000000000000000000000000000000000000000000000000000000000000000000000000000000000000000000000000000000000000000000000508202000000000    00000000000000000000000                              75600000000000000000000       
7560001300177T 0204609000000000793400001120695601014     175000000000000010012021000000000006500756046090MARIA ALVES DE SOUSA ARAU091000014088630220MARIA ALVES DE SOUSA ARAUJO             000000000000000000000000000000000A4                 
7560001300178U 020000000000000000000000000000000000000000000000000000000000000000000000000000000000000000000000000000000000000000000000000508202000000000    00000000000000000000000                              75600000000000000000000       
7560001300179T 0204609000000000793400001120696301014     195000000000000010022021000000000006500756046090MARIA ALVES DE SOUSA ARAU091000014088630220MARIA ALVES DE SOUSA ARAUJO             000000000000000000000000000000000A4                 
7560001300180U 020000000000000000000000000000000000000000000000000000000000000000000000000000000000000000000000000000000000000000000000000508202000000000    00000000000000000000000                              75600000000000000000000       
7560001300181T 0204609000000000793400001120697001014     110700000000000010032021000000000006500756046090MARIA ALVES DE SOUSA ARAU091000014088630220MARIA ALVES DE SOUSA ARAUJO             000000000000000000000000000000000A4                 
7560001300182U 020000000000000000000000000000000000000000000000000000000000000000000000000000000000000000000000000000000000000000000000000508202000000000    00000000000000000000000                              75600000000000000000000       
7560001300183T 0204609000000000793400001120698801014     112100000000000010042021000000000006500756046090MARIA ALVES DE SOUSA ARAU091000014088630220MARIA ALVES DE SOUSA ARAUJO             000000000000000000000000000000000A4                 
7560001300184U 020000000000000000000000000000000000000000000000000000000000000000000000000000000000000000000000000000000000000000000000000508202000000000    00000000000000000000000                              75600000000000000000000       
7560001300185T 0204609000000000793400001120699501014     114300000000000010052021000000000006500756046090MARIA ALVES DE SOUSA ARAU091000014088630220MARIA ALVES DE SOUSA ARAUJO             000000000000000000000000000000000A4                 
7560001300186U 020000000000000000000000000000000000000000000000000000000000000000000000000000000000000000000000000000000000000000000000000508202000000000    00000000000000000000000                              75600000000000000000000       
7560001300187T 0204609000000000793400001120700901014     114900000000000010062021000000000006500756046090MARIA ALVES DE SOUSA ARAU091000014088630220MARIA ALVES DE SOUSA ARAUJO             000000000000000000000000000000000A4                 
7560001300188U 020000000000000000000000000000000000000000000000000000000000000000000000000000000000000000000000000000000000000000000000000508202000000000    00000000000000000000000                              75600000000000000000000       
7560001300189T 0204609000000000793400001120701601014     116700000000000010072021000000000006500756046090MARIA ALVES DE SOUSA ARAU091000014088630220MARIA ALVES DE SOUSA ARAUJO             000000000000000000000000000000000A4                 
7560001300190U 020000000000000000000000000000000000000000000000000000000000000000000000000000000000000000000000000000000000000000000000000508202000000000    00000000000000000000000                              75600000000000000000000       
7560001300191T 0204609000000000793400001120702301014     119100000000000010082021000000000006500756046090MARIA ALVES DE SOUSA ARAU091000014088630220MARIA ALVES DE SOUSA ARAUJO             000000000000000000000000000000000A4                 
7560001300192U 020000000000000000000000000000000000000000000000000000000000000000000000000000000000000000000000000000000000000000000000000508202000000000    00000000000000000000000                              75600000000000000000000       
7560001300193T 0904609000000000793400001115636001014     123500000000000006082020000000000006500756046090ZEZITO VIEIRA LIMA       091000008233209520SALUTE                                  00000000000000000000000100000000013                 
7560001300194U 090000000000000000000000000000000000000000000000000000000000000000000000000000000000000000000000000000000000000000000000000708202000000000    00000000000000000000000                        17573575600000000000000000000       
7560001300195T 0904609000000000793400001116171801014     116900000000000004082020000000000006500756046090MARILENE PEREIRA LIMA    091000054664993234SALUTE                                  00000000000000000000000100000000013                 
7560001300196U 090000000000000000000000000000000000000000000000000000000000000000000000000000000000000000000000000000000000000000000000000508202000000000    00000000000000000000000                        17486275600000000000000000000       
7560001300197T 0904609000000000793400001116198601014     117100000000000004082020000000000006500756046090ANTONIO VIEIRA SILVA     091000022470069300SALUTE                                  00000000000000000000000100000000013                 
7560001300198U 090000000000000000000000000000000000000000000000000000000000000000000000000000000000000000000000000000000000000000000000000508202000000000    00000000000000000000000                        17486375600000000000000000000       
7560001300199T 0904609000000000793400001116795501014     119500000000000005082020000000000006500756046090GIRLANE DE ASSUNCAO SILVA091000075249987249SALUTE                                  00000000000000000000000100000000013                 
7560001300200U 090000000000000000000000000000000000000000000000000000000000000000000000000000000000000000000000000000000000000000000000000608202000000000    00000000000000000000000                        17529475600000000000000000000       
7560001300201T 0904609000000000793400001116821201014     117300000000000004082020000000000006500756046090LUCIANA COSTA SOUSA      091000051379120268SALUTE                                  00000000000000000000000100000000013                 
7560001300202U 090000000000000000000000000000000000000000000000000000000000000000000000000000000000000000000000000000000000000000000000000508202000000000    00000000000000000000000                        17486475600000000000000000000       
7560001300203T 0904609000000000793400001116873501014     118500000000000004082020000000000006500756046090ELIENE DE ASSIS SILVA    091000018907008272SALUTE                                  00000000000000000000000100000000013                 
7560001300204U 090000000000000000000000000000000000000000000000000000000000000000000000000000000000000000000000000000000000000000000000000508202000000000    00000000000000000000000                        17486575600000000000000000000       
7560001300205T 0904609000000000793400001116886001014     121500000000000005082020000000000006500756046090LUZINEIA SOARES SILVA    091000061885908253SALUTE                                  00000000000000000000000100000000013                 
7560001300206U 090000000000000000000000000000000000000000000000000000000000000000000000000000000000000000000000000000000000000000000000000608202000000000    00000000000000000000000                        17529575600000000000000000000       
7560001300207T 0904609000000000793400001116925301014     117900000000000004082020000000000006500756046090SANDRA RIBEIRO ARAUJO    091000032926170220SALUTE                                  00000000000000000000000100000000013                 
7560001300208U 090000000000000000000000000000000000000000000000000000000000000000000000000000000000000000000000000000000000000000000000000508202000000000    00000000000000000000000                        17486675600000000000000000000       
7560001300209T 0904609000000000793400001116938901014     117500000000000004082020000000000006500756046090SARA MOREIRA GOMES       091000060684402220SALUTE                                  00000000000000000000000100000000013                 
7560001300210U 090000000000000000000000000000000000000000000000000000000000000000000000000000000000000000000000000000000000000000000000000508202000000000    00000000000000000000000                        17486775600000000000000000000       
7560001300211T 0904609000000000793400001116951501014     117700000000000004082020000000000006500756046090MARIA RAIMUNDA CARDOSO SA091000029736927253SALUTE                                  00000000000000000000000100000000013                 
7560001300212U 090000000000000000000000000000000000000000000000000000000000000000000000000000000000000000000000000000000000000000000000000508202000000000    00000000000000000000000                        17486875600000000000000000000       
7560001300213T 0904609000000000793400001116964001014     118100000000000004082020000000000006500756046090JORGE OTAVIO PEREIRA DEFI091000004444752220SALUTE                                  00000000000000000000000100000000013                 
7560001300214U 090000000000000000000000000000000000000000000000000000000000000000000000000000000000000000000000000000000000000000000000000508202000000000    00000000000000000000000                        17486975600000000000000000000       
7560001300215T 0904609000000000793400001117004101014     120900000000000005082020000000000006500756046090MIQUEIAS DA SILVA DE SOUZ091000002120723230SALUTE                                  00000000000000000000000100000000013                 
7560001300216U 090000000000000000000000000000000000000000000000000000000000000000000000000000000000000000000000000000000000000000000000000608202000000000    00000000000000000000000                        17529675600000000000000000000       
7560001300217T 0904609000000000793400001117016001014     118300000000000004082020000000000006750756046090PATRICK PEREIRA SILVA    091000068824173268SALUTE                                  00000000000000000000000100000000013                 
7560001300218U 090000000000000000000000000000000000000000000000000000000000000000000000000000000000000000000000000000000000000000000000000508202000000000    00000000000000000000000                        17487075600000000000000000000       
7560001300219T 0904609000000000793400001117042101014     118900000000000004082020000000000006500756046090ROSEMARY DA SILVA AUGUSTO091000052725928168SALUTE                                  00000000000000000000000100000000013                 
7560001300220U 090000000000000000000000000000000000000000000000000000000000000000000000000000000000000000000000000000000000000000000000000508202000000000    00000000000000000000000                        17487175600000000000000000000       
7560001300221T 0904609000000000793400001117055701014     118700000000000004082020000000000006500756046090HANNA TASSYLA FEITOSA SIL091000001780462212SALUTE                                  00000000000000000000000100000000013                 
7560001300222U 090000000000000000000000000000000000000000000000000000000000000000000000000000000000000000000000000000000000000000000000000508202000000000    00000000000000000000000                        17487275600000000000000000000       
7560001300223T 0904609000000000793400001117068201014     122700000000000005082020000000000006500756046090SHIRLENE BEZERRA DOS SANT091000039203727272SALUTE                                  00000000000000000000000100000000013                 
7560001300224U 090000000000000000000000000000000000000000000000000000000000000000000000000000000000000000000000000000000000000000000000000608202000000000    00000000000000000000000                        17529775600000000000000000000       
7560001300225T 0904609000000000793400001117081901014     122300000000000005082020000000000006750756046090FRANCISCO NORONHA DA SILV091000039542300204SALUTE                                  00000000000000000000000100000000013                 
7560001300226U 090000000000000000000000000000000000000000000000000000000000000000000000000000000000000000000000000000000000000000000000000608202000000000    00000000000000000000000                        17529875600000000000000000000       
7560001300227T 0904609000000000793400001117107501014     120500000000000005082020000000000006500756046090SERGIO ROBERTO DIAS CALDE091000030196388287SALUTE                                  00000000000000000000000100000000013                 
7560001300228U 090000000000000000000000000000000000000000000000000000000000000000000000000000000000000000000000000000000000000000000000000608202000000000    00000000000000000000000                        17529975600000000000000000000       
7560001300229T 0904609000000000793400001117120101014     123300000000000005082020000000000006500756046090LEONARDO DUARTE BRASIL   091000086005642200SALUTE                                  00000000000000000000000100000000013                 
7560001300230U 090000000000000000000000000000000000000000000000000000000000000000000000000000000000000000000000000000000000000000000000000608202000000000    00000000000000000000000                        17530075600000000000000000000       
7560001300231T 0604609000000000793400001117535901014     146900000000000010082020000000000006500237022660CLAUDINEY DE SOUZA       091000053546547934SALUTE                                  00000000000000000000001550000000004                 
7560001300232U 060000000000000000000000000000000000000000000000000000000000000000000000065000000000000065000000000000000000000000000000000708202000000000    00000000000000000000000                        17547075600000000000000000000       
7560001300233T 0604609000000000793400001117601001014     119300000000000005082020000000000007000001087180LUZINALDO DE SOUZA RIBEIR091000039251837287SALUTE                                  00000000000000000000001550000000004                 
7560001300234U 060000000000000000000000000000000000000000000000000000000000000000000000070000000000000070000000000000000000000000000000000508202006082020    00000000000000000000000                        17447475600000000000000000000       
7560001300235T 0904609000000000793400001117614601014     120300000000000005082020000000000006750756046090MARINUBIA GOMES FERREIRA 091000045171017204SALUTE                                  00000000000000000000000100000000013                 
7560001300236U 090000000000000000000000000000000000000000000000000000000000000000000000000000000000000000000000000000000000000000000000000608202000000000    00000000000000000000000                        17530175600000000000000000000       
7560001300237T 0904609000000000793400001118082501014     121700000000000005082020000000000006500756046090ROGERIO MENDONCA DE OLIVE091000052385884291SALUTE                                  00000000000000000000000100000000013                 
7560001300238U 090000000000000000000000000000000000000000000000000000000000000000000000000000000000000000000000000000000000000000000000000608202000000000    00000000000000000000000                        17530275600000000000000000000       
7560001300239T 0904609000000000793400001118147901014     123100000000000005082020000000000006500756046090EDNA LIMA ALVES          091000029965012253SALUTE                                  00000000000000000000000100000000013                 
7560001300240U 090000000000000000000000000000000000000000000000000000000000000000000000000000000000000000000000000000000000000000000000000608202000000000    00000000000000000000000                        17530375600000000000000000000       
7560001300241T 0604609000000000793400001118212301014     137900000000000010082020000000000006500037000110LEIZO ALISSON DA SILVA LI091000073530948268SALUTE                                  00000000000000000000001550000000004                 
7560001300242U 060000000000000000000000000000000000000000000000000000000000000000000000065000000000000065000000000000000000000000000000000708202000000000    00000000000000000000000                        17567875600000000000000000000       
7560001300243T 0904609000000000793400001118261401014     122900000000000005082020000000000006500756046090RENATA ALVES SANTOS      091000069415544287SALUTE                                  00000000000000000000000100000000013                 
7560001300244U 090000000000000000000000000000000000000000000000000000000000000000000000000000000000000000000000000000000000000000000000000608202000000000    00000000000000000000000                        17530475600000000000000000000       
7560001300245T 0904609000000000793400001118274001014     119700000000000005082020000000000006500756046090AMANDA RIBEIRO DE OLIVEIR091000003846760226SALUTE                                  00000000000000000000000100000000013                 
7560001300246U 090000000000000000000000000000000000000000000000000000000000000000000000000000000000000000000000000000000000000000000000000608202000000000    00000000000000000000000                        17530575600000000000000000000       
7560001300247T 0904609000000000793400001118326801014     121100000000000005082020000000000006500756046090RAIMUNDO NONATO DE MENESE091000059618850463SALUTE                                  00000000000000000000000100000000013                 
7560001300248U 090000000000000000000000000000000000000000000000000000000000000000000000000000000000000000000000000000000000000000000000000608202000000000    00000000000000000000000                        17530675600000000000000000000       
7560001300249T 0904609000000000793400001118417301014     119100000000000005082020000000000006500756046090KELVIA HELLEN COSTA BARBO091000075037971268SALUTE                                  00000000000000000000000100000000013                 
7560001300250U 090000000000000000000000000000000000000000000000000000000000000000000000000000000000000000000000000000000000000000000000000608202000000000    00000000000000000000000                        17530775600000000000000000000       
7560001300251T 0904609000000000793400001118560201014     120700000000000005082020000000000006500756046090JOAQUIM CUNHA RODRIGUES  091000030739306200SALUTE                                  00000000000000000000000100000000013                 
7560001300252U 090000000000000000000000000000000000000000000000000000000000000000000000000000000000000000000000000000000000000000000000000608202000000000    00000000000000000000000                        17530875600000000000000000000       
7560001300253T 0604609000000000793400001118715401014     130000000000000010082020000000000006500104006830ANTONIA DE ALENCAR CARDOS091000034567097300SALUTE                                  00000000000000000000001550000000004                 
7560001300254U 060000000000000000000000000000000000000000000000000000000000000000000000065000000000000065000000000000000000000000000000000708202000000000    00000000000000000000000                        17562075600000000000000000000       
7560001300255T 0604609000000000793400001118829901014     120100000000000005082020000000000006500001044500ZILMAR CHAGAS DE LIMA    091000011156961300SALUTE                                  00000000000000000000001550000000004                 
7560001300256U 060000000000000000000000000000000000000000000000000000000000000000000000065000000000000065000000000000000000000000000000000508202006082020    00000000000000000000000                        17467775600000000000000000000       
7560001300257T 0604609000000000793400001119063401014     122500000000000005082020000000000006500001055680SEBASTIAO SA E LIMA      091000037406701772SALUTE                                  00000000000000000000001550000000004                 
7560001300258U 060000000000000000000000000000000000000000000000000000000000000000000000065000000000000065000000000000000000000000000000000508202006082020    00000000000000000000000                        17455575600000000000000000000       
7560001300259T 0604609000000000793400001119502401014     121900000000000005082020000000000006500003000340LARISSA PEREIRA RIBEIRO  091000003302460112SALUTE                                  00000000000000000000001550000000004                 
7560001300260U 060000000000000000000000000000000000000000000000000000000000000000000000065000000000000065000000000000000000000000000000000508202006082020    00000000000000000000000                        17447575600000000000000000000       
7560001300261T 0904609000000000793400001119619001014     119900000000000005082020000000000006500756046090MARIA NELIA CORREA CLARIN091000065605063200SALUTE                                  00000000000000000000000100000000013                 
7560001300262U 090000000000000000000000000000000000000000000000000000000000000000000000000000000000000000000000000000000000000000000000000608202000000000    00000000000000000000000                        17530975600000000000000000000       
7560001300263T 0604609000000000793400001119671401014     145900000000000010082020000000000006500260000010JHONNYS CAMPOS DOS PRAZER091000002121418210SALUTE                                  00000000000000000000001550000000004                 
7560001300264U 060000000000000000000000000000000000000000000000000000000000000000000000065000000000000065000000000000000000000000000000000608202007082020    00000000000000000000000                        17520075600000000000000000000       
7560001300265T 0904609000000000793400001119775501014     121300000000000005082020000000000006500756046090MARTA GOMES DA SILVA     091000040529282100SALUTE                                  00000000000000000000000100000000013                 
7560001300266U 090000000000000000000000000000000000000000000000000000000000000000000000000000000000000000000000000000000000000000000000000608202000000000    00000000000000000000000                        17531075600000000000000000000       
7560001300267T 0904609000000000793400001119853501014     110000000000000005082020000000000006750756046090ITAMAR GELZA CHAVES      091000060253576253SALUTE                                  00000000000000000000000100000000013                 
7560001300268U 090000000000000000000000000000000000000000000000000000000000000000000000000000000000000000000000000000000000000000000000000608202000000000    00000000000000000000000                        17531175600000000000000000000       
7560001300269T 0604609000000000793400001120022801014     130000000000000005082020000000000006500104006830MARIA DELZA MARTINS ARAUJ091000028776992268SALUTE                                  00000000000000000000001550000000004                 
7560001300270U 060000000000000000000000000000000000000000000000000000000000000000000000065000000000000065000000000000000000000000000000000508202006082020    00000000000000000000000                        17473175600000000000000000000       
7560001300271T 0904609000000000793400001120337301014     110000000000000005082020000000000006500756046090ANA PAULA BRITO ALVES    091000074339893234SALUTE                                  00000000000000000000000100000000013                 
7560001300272U 090000000000000000000000000000000000000000000000000000000000000000000000000000000000000000000000000000000000000000000000000608202000000000    00000000000000000000000                        17531275600000000000000000000       
7560001300273T 1104609000000000793400001115663901014     124700000000000008082020000000000006500756046090ANGELUS DE SOUZA RIBEIRO 091000052050432291SALUTE                                  00000000000000000000000000000000000                 
7560001300274U 110000000000000000000000000000000000000000000000000000000000000000000000000000000000000000000000000000000000000000000000001008202000000000    00000000000000000000000                              75600000000000000000000       
7560001300275T 1104609000000000793400001117133701014     124300000000000008082020000000000006500756046090YASSER RODRIGUES DA SILVA091000002378923163SALUTE                                  00000000000000000000000000000000000                 
7560001300276U 110000000000000000000000000000000000000000000000000000000000000000000000000000000000000000000000000000000000000000000000001008202000000000    00000000000000000000000                              75600000000000000000000       
7560001300277T 1104609000000000793400001117146201014     123900000000000008082020000000000006500756046090LEVY ALBINO FARIAS       091000005028558272SALUTE                                  00000000000000000000000000000000000                 
7560001300278U 110000000000000000000000000000000000000000000000000000000000000000000000000000000000000000000000000000000000000000000000001008202000000000    00000000000000000000000                              75600000000000000000000       
7560001300279T 1104609000000000793400001117172401014     123700000000000008082020000000000006500756046090NOEMISIA ALVES DE ABREU  091000003893324291SALUTE                                  00000000000000000000000000000000000                 
7560001300280U 110000000000000000000000000000000000000000000000000000000000000000000000000000000000000000000000000000000000000000000000001008202000000000    00000000000000000000000                              75600000000000000000000       
7560001300281T 1104609000000000793400001117185001014     124500000000000008082020000000000006500756046090MAX LIMA CHIAPETA        091000005517619703SALUTE                                  00000000000000000000000000000000000                 
7560001300282U 110000000000000000000000000000000000000000000000000000000000000000000000000000000000000000000000000000000000000000000000001008202000000000    00000000000000000000000                              75600000000000000000000       
7560001300283T 1104609000000000793400001117198501014     124100000000000008082020000000000006500756046090MICHAEL JHONNE OLIVEIRA S091000076315347215SALUTE                                  00000000000000000000000000000000000                 
7560001300284U 110000000000000000000000000000000000000000000000000000000000000000000000000000000000000000000000000000000000000000000000001008202000000000    00000000000000000000000                              75600000000000000000000       
7560001300285T 1104609000000000793400001117224201014     125300000000000009082020000000000006500756046090ELZINA SOUZA SLVA        091000056305745234SALUTE                                  00000000000000000000000000000000000                 
7560001300286U 110000000000000000000000000000000000000000000000000000000000000000000000000000000000000000000000000000000000000000000000001008202000000000    00000000000000000000000                              75600000000000000000000       
7560001300287T 1104609000000000793400001117237801014     124900000000000009082020000000000006500756046090EDINALDO FERNANDES DA SIL091000086873849120SALUTE                                  00000000000000000000000000000000000                 
7560001300288U 110000000000000000000000000000000000000000000000000000000000000000000000000000000000000000000000000000000000000000000000001008202000000000    00000000000000000000000                              75600000000000000000000       
7560001300289T 1104609000000000793400001117263001014     125100000000000009082020000000000006500756046090ZENON GOMES DE ABREU     091000058277315600SALUTE                                  00000000000000000000000000000000000                 
7560001300290U 110000000000000000000000000000000000000000000000000000000000000000000000000000000000000000000000000000000000000000000000001008202000000000    00000000000000000000000                              75600000000000000000000       
75600015         00029200014500000000000944000000000000000000000000000000000000000000000000000000000000000000000000                                                                                                                             
75699999         000001000294000000                                                                                                                                                                                                             
