75600000         235812309000160                    04609000000000793400SALUTE ATIVIDADES DE INTERMEDISICOOB                                  22707202014465100000908500000                                                                     
75600011T01  043 2035812309000160          460900000804609000000000793400SALUTE ATIVIDADES DE INTERMEDI                                                                                000000002707202000000000                                 
7560001300001T 0904609000000000793400001115584101014     129000000000000022072020000000000006500756046090VERA LUCIA MENDES DIAS   091000063289180204SALUTE                                  00000000000000000000000100000000013                 
7560001300002U 090000000000000000000000000000000000000000000000000000000000000000000000000000000000000000000000000000000000000000000000002307202000000000    00000000000000000000000                        17167775600000000000000000000       
7560001300003T 0604609000000000793400001115597701014     125000000000000022072020000000000006500001044500ENILZA DE SOUZA DO CARMO 091000039221571220SALUTE                                  00000000000000000000000000000000004                 
7560001300004U 060000000000000000000000000000000000000000000000000000000000000000000000065000000000000065000000000000000000000000000000002207202023072020    00000000000000000000000                        17145475600000000000000000000       
7560001300005T 0604609000000000793400001115623401014     133000000000000024072020000000000006500104043980VIVALDO PEREIRA DE ANDRAD091000012237132291SALUTE                                  00000000000000000000000000000000004                 
7560001300006U 060000000000000000000000000000000000000000000000000000000000000000000000065000000000000065000000000000000000000000000000002407202000000000    00000000000000000000000                        17183275600000000000000000000       
7560001300007T 0904609000000000793400001115911101014     119000000000000021072020000000000006500756046090MILENA LARA NASCIMENTO SO091000084578580253SALUTE                                  00000000000000000000000100000000013                 
7560001300008U 090000000000000000000000000000000000000000000000000000000000000000000000000000000000000000000000000000000000000000000000002207202000000000    00000000000000000000000                        17149975600000000000000000000       
7560001300009T 0904609000000000793400001115924701014     117000000000000021072020000000000006500756046090ELISILDA DE OLIVEIRA SILV091000040632148500SALUTE                                  00000000000000000000000100000000013                 
7560001300010U 090000000000000000000000000000000000000000000000000000000000000000000000000000000000000000000000000000000000000000000000002207202000000000    00000000000000000000000                        17150075600000000000000000000       
7560001300011T 0904609000000000793400001115937201014     121000000000000021072020000000000006500756046090DEUSIMAR ALVES PEREIRA   091000010777300206SALUTE                                  00000000000000000000000100000000013                 
7560001300012U 090000000000000000000000000000000000000000000000000000000000000000000000000000000000000000000000000000000000000000000000002207202000000000    00000000000000000000000                        17150175600000000000000000000       
7560001300013T 0904609000000000793400001115950901014     123000000000000021072020000000000007000756046090SANDRO BARBOSA RIBEIRO   091000072044675234SALUTE                                  00000000000000000000000100000000013                 
7560001300014U 090000000000000000000000000000000000000000000000000000000000000000000000000000000000000000000000000000000000000000000000002207202000000000    00000000000000000000000                        17150275600000000000000000000       
7560001300015T 0904609000000000793400001115964101014     127000000000000022072020000000000006500756046090RAQUEL SIMONE DIAS NASCIM091000042965950249SALUTE                                  00000000000000000000000100000000013                 
7560001300016U 090000000000000000000000000000000000000000000000000000000000000000000000000000000000000000000000000000000000000000000000002307202000000000    00000000000000000000000                        17167875600000000000000000000       
7560001300017T 0904609000000000793400001115976001014     131000000000000022072020000000000006750756046090ANDREA ALVES LAGES OLIVEI091000056558660300SALUTE                                  00000000000000000000000100000000013                 
7560001300018U 090000000000000000000000000000000000000000000000000000000000000000000000000000000000000000000000000000000000000000000000002307202000000000    00000000000000000000000                        17167975600000000000000000000       
75600015         00002000000900000000000059250000000000000000000000000000000000000000000000000000000000000000000000                                                                                                                             
75699999         000001000022000000                                                                                                                                                                                                             
