A2902713              C & B ADMINISTRADORA104CAIXA ECON. FEDERAL 2019060700001205DEBITO AUTOMATICO                                                    
B957                      1922013000443627  20190607                                                                                                 1
Z0000030000000000000000000000000000000000                                                                                                             
