A2902713              C & B ADMINISTRADORA104CAIXA ECON. FEDERAL 2019060500001105DEBITO AUTOMATICO                                                    
F1277                     0769000000386871  2019061000000000000189030Pagamento por debito automatico sistema Fidelidade          2000046613226300    0
F3452                     7378013000157898  2019061000000000000189030Pagamento por debito automatico sistema Fidelidade          2000061514584352    0
F3753                     1048013000390557  2019060500000000000000000                                                             000002062339305    5
F3647                     1922013000456320  2019060500000000000000000                                                             000004330748316    5
F3654                     1922013000456320  2019060500000000000000000                                                             000076830314372    5
F3579                     1958023000188469  2019060500000000000000000                                                             000002261514336    5
F3601                     2002013000151090  2019060500000000000000000                                                             000002123158380    5
F3779                     2558013001009682  2019060500000000000000000                                                             000060532385381    5
F3736                     2558013001438966  2019060500000000000000000                                                             000005643165392    5
F3881                     3466023000034063  2019060500000000000000000                                                             000003921704421    5
F3568                     4110013000452174  2019060500000000000000000                                                             000009406688743    5
Z0000130000000000000378000000000000000000                                                                                                             
