A2902713              CARTAO DO POVO      104CAIXA               2019080600002605DEBITO AUTOMATICO                                                    
J000026201908060000730000000000013419020190806                    ARQUIVO RECEBIDO OK PARA PROCESSAMENTO                                              
Z0000030000000000013419000000000000000000                                                                                                             
