A2902713              C & B ADMINISTRADORA104CAIXA ECON. FEDERAL 2019050700000605DEBITO AUTOMATICO                                                    
F1277                     0769000000386871  2019051000000000000189030Pagamento por debito automatico sistema Fidelidade          2000046613226300    0
F2365                     2558013001376111  2019051000000000000189030Pagamento por debito automatico sistema Fidelidade          2000021189226391    0
F2365                     2558013001376111  2019051000000000000189030Pagamento por debito automatico sistema Fidelidade          2000021189226391    0
F2365                     2558013001376111  2019051000000000000189030Pagamento por debito automatico sistema Fidelidade          2000021189226391    0
F2365                     2558013001376111  2019051000000000000189030Pagamento por debito automatico sistema Fidelidade          2000021189226391    0
F3336                     3535013000273620  2019051000000000000189030Pagamento por debito automatico sistema Fidelidade          2000001214878300    0
F1713                     0031013000523110  2019050700000000000000000                                                             000060865708339    5
F2870                     0031013000653102  2019050700000000000000000                                                             000097218839304    5
F3164                     0031013000673073  2019050700000000000000000                                                             000060611680394    5
F3458                     0578013000073135  2019050700000000000000000                                                             000089209451368    5
F2434                     0578013000095520  2019050700000000000000000                                                             000001190333309    5
F3102                     0578013000146850  2019050700000000000000000                                                             000004799319337    5
F1456                     0752013000277330  2019050700000000000000000                                                             000000901650390    5
F1277                     0769000000386871  2019050700000000000000002                                                             000046613226300    5
F1583                     0919001000344065  2019050700000000000000000                                                             000000287926370    5
F1747                     0920013001086735  2019050700000000000000000                                                             000063497611387    5
F2545                     1047013000258335  2019050700000000000000000                                                             000089163117304    5
F974                      1047013000339653  2019050700000000000000000                                                             000001871737702    5
F2543                     1048001000310681  2019050700000000000000000                                                             000073494925704    5
F1443                     1048013000213264  2019050700000000000000000                                                             000023212357304    5
F2509                     1048013000317167  2019050700000000000000000                                                             000004357331331    5
F2885                     1089013000566543  2019050700000000000000000                                                             000005017094369    5
F2538                     1111013000820413  2019050700000000000000000                                                             000004846221377    5
F999                      1563013000650630  2019050700000000000000000                                                             000002064851313    5
F3080                     1563013001288748  2019050700000000000000000                                                             000060568754310    5
F1449                     1887013000225558  2019050700000000000000000                                                             000082743991291    5
F2529                     1888013000127004  2019050700000000000000000                                                             000000496798308    5
F3303                     1922013000226979  2019050700000000000000000                                                             000035989068387    5
F915                      1922013000407132  2019050700000000000000000                                                             000004226700309    5
F957                      1922013000443627  2019050700000000000000000                                                             000006598852390    5
F917                      1956013000605835  2019050700000000000000000                                                             000066377323387    5
F2910                     1956013000664840  2019050700000000000000000                                                             000089079434353    5
F2968                     1977013000153394  2019050700000000000000000                                                             000023070196349    5
F2515                     1977013000239574  2019050700000000000000000                                                             000043695051353    5
F2916                     2183013000222511  2019050700000000000000000                                                             000002699830313    5
F2900                     2183013000850873  2019050700000000000000000                                                             000003902786370    5
F2854                     2558013000212492  2019050700000000000000000                                                             000099079046353    5
F3107                     2558013000479669  2019050700000000000000000                                                             000003977563300    5
F2225                     2558013000617883  2019050700000000000000000                                                             000042176948300    5
F2980                     2558013000770266  2019050700000000000000000                                                             000016507576387    5
F1871                     2558013001032021  2019050700000000000000000                                                             000097718548368    5
F2388                     2558013001191200  2019050700000000000000000                                                             000084397667349    5
F3068                     2558013001288549  2019050700000000000000000                                                             000047966769372    5
F2103                     2558013001340290  2019050700000000000000000                                                             000000615017355    5
F2365                     2558013001376111  2019050700000000000000004                                                             000021189226391    5
F2129                     2558013001396686  2019050700000000000000000                                                             000095692576368    5
F1112                     2558013001412410  2019050700000000000000000                                                             000016195353353    5
F2785                     2558013001415214  2019050700000000000000000                                                             000003754137310    5
F1347                     2558013001459505  2019050700000000000000000                                                             000018449131120    5
F1107                     2558013001480156  2019050700000000000000000                                                             000077693345353    5
F3384                     2558013001480466  2019050700000000000000000                                                             000003256664318    5
F1148                     2558013001498268  2019050700000000000000000                                                             000004359084307    5
F1036                     2558013001498721  2019050700000000000000000                                                             000006329338361    5
F973                      2558013001503733  2019050700000000000000000                                                             000001268208302    5
F2842                     2558013001511930  2019050700000000000000000                                                             000006813169343    5
F1307                     2558023000020108  2019050700000000000000000                                                             000086911180325    5
F1326                     3134013000022844  2019050700000000000000000                                                             000026078775391    5
F3174                     3418013000186000  2019050700000000000000000                                                             000097392421387    5
F1394                     3418013000205357  2019050700000000000000000                                                             000031766820344    5
F1753                     3466013000197151  2019050700000000000000000                                                             000073866717334    5
F3336                     3535013000273620  2019050700000000000000002                                                             000001214878300    5
F2617                     4247013000065877  2019050700000000000000000                                                             000001755363338    5
F1504                     0000000000000000002019050700000000000000002                                                             000010022716300    5
F2660                     0000000000000000002019050700000000000000002                                                             000042286387320    5
F3130                     0000000000000000002019050700000000000000002                                                             000038703912353    5
F2934                     4254013000031229  2019050700000000000000000                                                             000004947652322    5
F2663                     4367013000096376  2019050700000000000000000                                                             000060399044370    5
F1134                     4420013000007940  2019050700000000000000000                                                             000039922499304    5
F3452                     7378013000157898  2019050700000000000000002                                                             000061514584352    5
Z0000710000000000001134000000000000000000                                                                                                             
