A2902713              C & B ADMINISTRADORA104CAIXA ECON. FEDERAL 2019070800001905DEBITO AUTOMATICO                                                    
F1713                     0031013000523110  2019071000000000000189018Pagamento por debito automatico sistema Fidelidade          2000060865708339    0
F1713                     0031013000523110  2019071000000000000189018Pagamento por debito automatico sistema Fidelidade          2000060865708339    0
F1713                     0031013000523110  2019071000000000000189018Pagamento por debito automatico sistema Fidelidade          2000060865708339    0
F1713                     0031013000523110  2019071000000000000189018Pagamento por debito automatico sistema Fidelidade          2000060865708339    0
F2870                     0031013000653102  2019071000000000000189018Pagamento por debito automatico sistema Fidelidade          2000097218839304    0
F3164                     0031013000673073  2019071000000000000189018Pagamento por debito automatico sistema Fidelidade          2000060611680394    0
F3458                     0578013000073135  2019071000000000000189018Pagamento por debito automatico sistema Fidelidade          2000089209451368    0
F2434                     0578013000095520  2019071000000000000189018Pagamento por debito automatico sistema Fidelidade          2000001190333309    0
F3102                     0578013000146850  2019071000000000000189018Pagamento por debito automatico sistema Fidelidade          2000004799319337    0
F3967                     0613013000173457  2019071000000000000189030Pagamento por debito automatico sistema Fidelidade          2000069452814420    0
F1456                     0752013000277330  2019071000000000000189018Pagamento por debito automatico sistema Fidelidade          2000000901650390    0
F1277                     0769000000386871  2019071000000000000189030Pagamento por debito automatico sistema Fidelidade          2000046613226300    0
F1583                     0919001000344065  2019071000000000000189018Pagamento por debito automatico sistema Fidelidade          2000000287926370    0
F4157                     0919013000390958  2019071000000000000189018Pagamento por debito automatico sistema Fidelidade          2000003504602481    0
F1747                     0920013001086735  2019071000000000000189030Pagamento por debito automatico sistema Fidelidade          2000063497611387    0
F1747                     0920013001086735  2019071000000000000567030Pagamento por debito automatico sistema Fidelidade          2000063497611387    0
F974                      1047013000339653  2019071000000000000189018Pagamento por debito automatico sistema Fidelidade          2000001871737702    0
F2543                     1048001000310681  2019071000000000000189018Pagamento por debito automatico sistema Fidelidade          2000073494925704    0
F1443                     1048013000213264  2019071000000000000189018Pagamento por debito automatico sistema Fidelidade          2000023212357304    0
F2509                     1048013000317167  2019071000000000000189018Pagamento por debito automatico sistema Fidelidade          2000004357331331    0
F2885                     1089013000566543  2019071000000000000189018Pagamento por debito automatico sistema Fidelidade          2000005017094369    0
F2538                     1111013000820413  2019071000000000000189018Pagamento por debito automatico sistema Fidelidade          2000004846221377    0
F999                      1563013000650630  2019071000000000000189018Pagamento por debito automatico sistema Fidelidade          2000002064851313    0
F3080                     1563013001288748  2019071000000000000189018Pagamento por debito automatico sistema Fidelidade          2000060568754310    0
F2529                     1888013000127004  2019071000000000000189018Pagamento por debito automatico sistema Fidelidade          2000000496798308    0
F3303                     1922013000226979  2019071000000000000189018Pagamento por debito automatico sistema Fidelidade          2000035989068387    0
F915                      1922013000407132  2019071000000000000189018Pagamento por debito automatico sistema Fidelidade          2000004226700309    0
F3647                     1922013000456320  2019071000000000000189018Pagamento por debito automatico sistema Fidelidade          2000004330748316    0
F3654                     1922013000456320  2019071000000000000189018Pagamento por debito automatico sistema Fidelidade          2000076830314372    0
F2910                     1956013000664840  2019071000000000000189018Pagamento por debito automatico sistema Fidelidade          2000089079434353    0
F2968                     1977013000153394  2019071000000000000189018Pagamento por debito automatico sistema Fidelidade          2000023070196349    0
F2515                     1977013000239574  2019071000000000000189018Pagamento por debito automatico sistema Fidelidade          2000043695051353    0
F2916                     2183013000222511  2019071000000000000189018Pagamento por debito automatico sistema Fidelidade          2000002699830313    0
F2900                     2183013000850873  2019071000000000000189018Pagamento por debito automatico sistema Fidelidade          2000003902786370    0
F4030                     2183013005664989  2019071000000000000189018Pagamento por debito automatico sistema Fidelidade          2000077907833353    0
F3107                     2558013000479669  2019071000000000000189018Pagamento por debito automatico sistema Fidelidade          2000003977563300    0
F2225                     2558013000617883  2019071000000000000189018Pagamento por debito automatico sistema Fidelidade          2000042176948300    0
F4280                     2558013000656650  2019071000000000000189018Pagamento por debito automatico sistema Fidelidade          2000064155927349    0
F2980                     2558013000770266  2019071000000000000189018Pagamento por debito automatico sistema Fidelidade          2000016507576387    0
F1871                     2558013001032021  2019071000000000000189018Pagamento por debito automatico sistema Fidelidade          2000097718548368    0
F2388                     2558013001191200  2019071000000000000189018Pagamento por debito automatico sistema Fidelidade          2000084397667349    0
F3068                     2558013001288549  2019071000000000000189018Pagamento por debito automatico sistema Fidelidade          2000047966769372    0
F2103                     2558013001340290  2019071000000000000189018Pagamento por debito automatico sistema Fidelidade          2000000615017355    0
F2365                     2558013001376111  2019071000000000000189030Pagamento por debito automatico sistema Fidelidade          2000021189226391    0
F2129                     2558013001396686  2019071000000000000189018Pagamento por debito automatico sistema Fidelidade          2000095692576368    0
F1112                     2558013001412410  2019071000000000000189018Pagamento por debito automatico sistema Fidelidade          2000016195353353    0
F2785                     2558013001415214  2019071000000000000189018Pagamento por debito automatico sistema Fidelidade          2000003754137310    0
F3736                     2558013001438966  2019071000000000000189018Pagamento por debito automatico sistema Fidelidade          2000005643165392    0
F1347                     2558013001459505  2019071000000000000189018Pagamento por debito automatico sistema Fidelidade          2000018449131120    0
F1107                     2558013001480156  2019071000000000000189018Pagamento por debito automatico sistema Fidelidade          2000077693345353    0
F3384                     2558013001480466  2019071000000000000189018Pagamento por debito automatico sistema Fidelidade          2000003256664318    0
F1036                     2558013001498721  2019071000000000000189018Pagamento por debito automatico sistema Fidelidade          2000006329338361    0
F973                      2558013001503733  2019071000000000000189018Pagamento por debito automatico sistema Fidelidade          2000001268208302    0
F2842                     2558013001511930  2019071000000000000189018Pagamento por debito automatico sistema Fidelidade          2000006813169343    0
F1307                     2558023000020108  2019071000000000000189018Pagamento por debito automatico sistema Fidelidade          2000086911180325    0
F4110                     2558023000640394  2019071000000000000189018Pagamento por debito automatico sistema Fidelidade          2000004333016355    0
F1326                     3134013000022844  2019071000000000000189018Pagamento por debito automatico sistema Fidelidade          2000026078775391    0
F1326                     3134013000022844  2019071000000000000189018Pagamento por debito automatico sistema Fidelidade          2000026078775391    0
F1326                     3134013000022844  2019071000000000000189018Pagamento por debito automatico sistema Fidelidade          2000026078775391    0
F1326                     3134013000022844  2019071000000000000378018Pagamento por debito automatico sistema Fidelidade          2000026078775391    0
F1394                     3418013000205357  2019071000000000000189018Pagamento por debito automatico sistema Fidelidade          2000031766820344    0
F4251                     3466013000115708  2019071000000000000189018Pagamento por debito automatico sistema Fidelidade          2000065381165315    0
F1753                     3466013000197151  2019071000000000000189018Pagamento por debito automatico sistema Fidelidade          2000073866717334    0
F4343                     3535013000234604  2019071000000000000189018Pagamento por debito automatico sistema Fidelidade          2000037173138353    0
F3336                     3535013000273620  2019071000000000000189030Pagamento por debito automatico sistema Fidelidade          2000001214878300    0
F3568                     4110013000452174  2019071000000000000189018Pagamento por debito automatico sistema Fidelidade          2000009406688743    0
F2617                     4247013000065877  2019071000000000000189018Pagamento por debito automatico sistema Fidelidade          2000001755363338    0
F1504                     0000000000000000002019071000000000000189030Pagamento por debito automatico sistema Fidelidade          2000010022716300    0
F2854                     0000000000000000  2019071000000000000189002Pagamento por debito automatico sistema Fidelidade          2000099079046353    0
F2934                     4254013000031229  2019071000000000000189018Pagamento por debito automatico sistema Fidelidade          2000004947652322    0
F2934                     4254013000031229  2019071000000000000189018Pagamento por debito automatico sistema Fidelidade          2000004947652322    0
F2663                     4367013000096376  2019071000000000000189018Pagamento por debito automatico sistema Fidelidade          2000060399044370    0
F1134                     4420013000007940  2019071000000000000189018Pagamento por debito automatico sistema Fidelidade          2000039922499304    0
F4135                     4420013000047500  2019071000000000000189018Pagamento por debito automatico sistema Fidelidade          2000027975824895    0
F4337                     4551013000044520  2019071000000000000189018Pagamento por debito automatico sistema Fidelidade          2000002761802322    0
F3452                     7378013000157898  2019071000000000000189030Pagamento por debito automatico sistema Fidelidade          2000061514584352    0
F4157                     0919013000390958  2019070800000000000000000                                                             000003504602481    5
F4075                     1563013001258890  2019070800000000000000000                                                             000000128187204    5
F4030                     2183013005664989  2019070800000000000000000                                                             000077907833353    5
F4280                     2558013000656650  2019070800000000000000000                                                             000064155927349    5
F4097                     2558013001003331  2019070800000000000000000                                                             000069630240300    5
F4143                     2558013001466862  2019070800000000000000000                                                             000075459370310    5
F4110                     2558023000640394  2019070800000000000000000                                                             000004333016355    5
F4217                     2853013000613164  2019070800000000000000000                                                             000078201560310    5
F4207                     3418013000070273  2019070800000000000000000                                                             000097268348304    5
F4251                     3466013000115708  2019070800000000000000000                                                             000065381165315    5
F4343                     3535013000234604  2019070800000000000000000                                                             000037173138353    5
F4135                     4420013000047500  2019070800000000000000000                                                             000027975824895    5
F4337                     4551013000044520  2019070800000000000000000                                                             000002761802322    5
Z0000910000000000014931000000000000000000                                                                                                             
