A2902713              C & B ADMINISTRADORA104CAIXA ECON. FEDERAL 2019061100001405DEBITO AUTOMATICO                                                    
F1753                     3466013000197151  2019061100000000000189000Pagamento por debito automatico sistema Fidelidade          2000073866717334    0
F1753                     3466013000197151  2019061100000000000189000Pagamento por debito automatico sistema Fidelidade          2000073866717334    0
Z0000040000000000000378000000000000000000                                                                                                             
