A2902713              C & B ADMINISTRADORA104CAIXA ECON. FEDERAL 2019061000001305DEBITO AUTOMATICO                                                    
F3164                     0031013000673073  2019061000000000000189000Pagamento por debito automatico sistema Fidelidade          2000060611680394    0
F3458                     0578013000073135  2019061000000000000189000Pagamento por debito automatico sistema Fidelidade          2000089209451368    0
F3102                     0578013000146850  2019061000000000000189000Pagamento por debito automatico sistema Fidelidade          2000004799319337    0
F1583                     0919001000344065  2019061000000000000189000Pagamento por debito automatico sistema Fidelidade          2000000287926370    0
F1583                     0919001000344065  2019061000000000000189000Pagamento por debito automatico sistema Fidelidade          2000000287926370    0
F1583                     0919001000344065  2019061000000000000189000Pagamento por debito automatico sistema Fidelidade          2000000287926370    0
F1583                     0919001000344065  2019061000000000000189000Pagamento por debito automatico sistema Fidelidade          2000000287926370    0
F1583                     0919001000344065  2019061000000000000189000Pagamento por debito automatico sistema Fidelidade          2000000287926370    0
F1747                     0920013001086735  2019061000000000000189000Pagamento por debito automatico sistema Fidelidade          2000063497611387    0
F1747                     0920013001086735  2019061000000000000189000Pagamento por debito automatico sistema Fidelidade          2000063497611387    0
F1747                     0920013001086735  2019061000000000000567000Pagamento por debito automatico sistema Fidelidade          2000063497611387    0
F2543                     1048001000310681  2019061000000000000189000Pagamento por debito automatico sistema Fidelidade          2000073494925704    0
F2543                     1048001000310681  2019061000000000000189000Pagamento por debito automatico sistema Fidelidade          2000073494925704    0
F2543                     1048001000310681  2019061000000000000189000Pagamento por debito automatico sistema Fidelidade          2000073494925704    0
F1443                     1048013000213264  2019061000000000000189000Pagamento por debito automatico sistema Fidelidade          2000023212357304    0
F1443                     1048013000213264  2019061000000000000189000Pagamento por debito automatico sistema Fidelidade          2000023212357304    0
F1443                     1048013000213264  2019061000000000000189000Pagamento por debito automatico sistema Fidelidade          2000023212357304    0
F1443                     1048013000213264  2019061000000000000189000Pagamento por debito automatico sistema Fidelidade          2000023212357304    0
F2529                     1888013000127004  2019061000000000000189000Pagamento por debito automatico sistema Fidelidade          2000000496798308    0
F2529                     1888013000127004  2019061000000000000189000Pagamento por debito automatico sistema Fidelidade          2000000496798308    0
F2529                     1888013000127004  2019061000000000000189000Pagamento por debito automatico sistema Fidelidade          2000000496798308    0
F917                      1956013000605835  2019061000000000000189000Pagamento por debito automatico sistema Fidelidade          2000066377323387    0
F917                      1956013000605835  2019061000000000000189000Pagamento por debito automatico sistema Fidelidade          2000066377323387    0
F917                      1956013000605835  2019061000000000000189000Pagamento por debito automatico sistema Fidelidade          2000066377323387    0
F917                      1956013000605835  2019061000000000000189000Pagamento por debito automatico sistema Fidelidade          2000066377323387    0
F917                      1956013000605835  2019061000000000000189000Pagamento por debito automatico sistema Fidelidade          2000066377323387    0
F2968                     1977013000153394  2019061000000000000189000Pagamento por debito automatico sistema Fidelidade          2000023070196349    0
F2515                     1977013000239574  2019061000000000000189000Pagamento por debito automatico sistema Fidelidade          2000043695051353    0
F2515                     1977013000239574  2019061000000000000189000Pagamento por debito automatico sistema Fidelidade          2000043695051353    0
F3601                     2002013000151090  2019061000000000000189000Pagamento por debito automatico sistema Fidelidade          2000002123158380    0
F2854                     2558013000212492  2019061000000000000189000Pagamento por debito automatico sistema Fidelidade          2000099079046353    0
F2854                     2558013000212492  2019061000000000000189000Pagamento por debito automatico sistema Fidelidade          2000099079046353    0
F2225                     2558013000617883  2019061000000000000189000Pagamento por debito automatico sistema Fidelidade          2000042176948300    0
F2225                     2558013000617883  2019061000000000000189000Pagamento por debito automatico sistema Fidelidade          2000042176948300    0
F2980                     2558013000770266  2019061000000000000189000Pagamento por debito automatico sistema Fidelidade          2000016507576387    0
F2388                     2558013001191200  2019061000000000000189000Pagamento por debito automatico sistema Fidelidade          2000084397667349    0
F2388                     2558013001191200  2019061000000000000189000Pagamento por debito automatico sistema Fidelidade          2000084397667349    0
F3068                     2558013001288549  2019061000000000000189000Pagamento por debito automatico sistema Fidelidade          2000047966769372    0
F2103                     2558013001340290  2019061000000000000189000Pagamento por debito automatico sistema Fidelidade          2000000615017355    0
F2103                     2558013001340290  2019061000000000000189000Pagamento por debito automatico sistema Fidelidade          2000000615017355    0
F2103                     2558013001340290  2019061000000000000189000Pagamento por debito automatico sistema Fidelidade          2000000615017355    0
F2103                     2558013001340290  2019061000000000000189000Pagamento por debito automatico sistema Fidelidade          2000000615017355    0
F3384                     2558013001480466  2019061000000000000189000Pagamento por debito automatico sistema Fidelidade          2000003256664318    0
F1036                     2558013001498721  2019061000000000000189000Pagamento por debito automatico sistema Fidelidade          2000006329338361    0
F1036                     2558013001498721  2019061000000000000189000Pagamento por debito automatico sistema Fidelidade          2000006329338361    0
F1036                     2558013001498721  2019061000000000000189000Pagamento por debito automatico sistema Fidelidade          2000006329338361    0
F1036                     2558013001498721  2019061000000000000189000Pagamento por debito automatico sistema Fidelidade          2000006329338361    0
F1036                     2558013001498721  2019061000000000000189000Pagamento por debito automatico sistema Fidelidade          2000006329338361    0
F1036                     2558013001498721  2019061000000000000189000Pagamento por debito automatico sistema Fidelidade          2000006329338361    0
F1036                     2558013001498721  2019061000000000000189000Pagamento por debito automatico sistema Fidelidade          2000006329338361    0
F1307                     2558023000020108  2019061000000000000189000Pagamento por debito automatico sistema Fidelidade          2000086911180325    0
F3174                     3418013000186000  2019061000000000000189000Pagamento por debito automatico sistema Fidelidade          2000097392421387    0
F1753                     3466013000197151  2019061000000000000189000Pagamento por debito automatico sistema Fidelidade          2000073866717334    0
F2617                     4247013000065877  2019061000000000000189000Pagamento por debito automatico sistema Fidelidade          2000001755363338    0
F2617                     4247013000065877  2019061000000000000189000Pagamento por debito automatico sistema Fidelidade          2000001755363338    0
F1134                     4420013000007940  2019061000000000000189000Pagamento por debito automatico sistema Fidelidade          2000039922499304    0
F1134                     4420013000007940  2019061000000000000189000Pagamento por debito automatico sistema Fidelidade          2000039922499304    0
F1134                     4420013000007940  2019061000000000000189000Pagamento por debito automatico sistema Fidelidade          2000039922499304    0
F1134                     4420013000007940  2019061000000000000189000Pagamento por debito automatico sistema Fidelidade          2000039922499304    0
F1134                     4420013000007940  2019061000000000000189000Pagamento por debito automatico sistema Fidelidade          2000039922499304    0
F1134                     4420013000007940  2019061000000000000189000Pagamento por debito automatico sistema Fidelidade          2000039922499304    0
Z0000630000000000011907000000000000000000                                                                                                             
