A2902713              C & B ADMINISTRADORA104CAIXA ECON. FEDERAL 2019081300003005DEBITO AUTOMATICO                                                    
F2225                     2558013000617883  2019081300000000000189000Pagamento por debito automatico sistema Fidelidade          2000042176948300    0
Z0000030000000000000189000000000000000000                                                                                                             
