A2902713              C & B ADMINISTRADORA104CAIXA ECON. FEDERAL 2019061400001705DEBITO AUTOMATICO                                                    
F1713                     0031013000523110  2019061000000000000189001Pagamento por debito automatico sistema Fidelidade          2000060865708339    0
F2434                     0578013000095520  2019061000000000000189001Pagamento por debito automatico sistema Fidelidade          2000001190333309    0
F2434                     0578013000095520  2019061000000000000189001Pagamento por debito automatico sistema Fidelidade          2000001190333309    0
F2434                     0578013000095520  2019061000000000000189001Pagamento por debito automatico sistema Fidelidade          2000001190333309    0
F1456                     0752013000277330  2019061000000000000189001Pagamento por debito automatico sistema Fidelidade          2000000901650390    0
F1456                     0752013000277330  2019061000000000000189001Pagamento por debito automatico sistema Fidelidade          2000000901650390    0
F1456                     0752013000277330  2019061000000000000189001Pagamento por debito automatico sistema Fidelidade          2000000901650390    0
F1456                     0752013000277330  2019061000000000000189001Pagamento por debito automatico sistema Fidelidade          2000000901650390    0
F1456                     0752013000277330  2019061000000000000189001Pagamento por debito automatico sistema Fidelidade          2000000901650390    0
F1456                     0752013000277330  2019061000000000000189001Pagamento por debito automatico sistema Fidelidade          2000000901650390    0
F974                      1047013000339653  2019061000000000000189001Pagamento por debito automatico sistema Fidelidade          2000001871737702    0
F974                      1047013000339653  2019061000000000000189001Pagamento por debito automatico sistema Fidelidade          2000001871737702    0
F2509                     1048013000317167  2019061000000000000189001Pagamento por debito automatico sistema Fidelidade          2000004357331331    0
F2509                     1048013000317167  2019061000000000000189001Pagamento por debito automatico sistema Fidelidade          2000004357331331    0
F2509                     1048013000317167  2019061000000000000189001Pagamento por debito automatico sistema Fidelidade          2000004357331331    0
F2509                     1048013000317167  2019061000000000000189001Pagamento por debito automatico sistema Fidelidade          2000004357331331    0
F2885                     1089013000566543  2019061000000000000189001Pagamento por debito automatico sistema Fidelidade          2000005017094369    0
F2885                     1089013000566543  2019061000000000000189001Pagamento por debito automatico sistema Fidelidade          2000005017094369    0
F999                      1563013000650630  2019061000000000000189001Pagamento por debito automatico sistema Fidelidade          2000002064851313    0
F999                      1563013000650630  2019061000000000000189001Pagamento por debito automatico sistema Fidelidade          2000002064851313    0
F999                      1563013000650630  2019061000000000000189001Pagamento por debito automatico sistema Fidelidade          2000002064851313    0
F999                      1563013000650630  2019061000000000000189001Pagamento por debito automatico sistema Fidelidade          2000002064851313    0
F999                      1563013000650630  2019061000000000000189001Pagamento por debito automatico sistema Fidelidade          2000002064851313    0
F999                      1563013000650630  2019061000000000000189001Pagamento por debito automatico sistema Fidelidade          2000002064851313    0
F3080                     1563013001288748  2019061000000000000189001Pagamento por debito automatico sistema Fidelidade          2000060568754310    0
F915                      1922013000407132  2019061000000000000189001Pagamento por debito automatico sistema Fidelidade          2000004226700309    0
F915                      1922013000407132  2019061000000000000189001Pagamento por debito automatico sistema Fidelidade          2000004226700309    0
F915                      1922013000407132  2019061000000000000189001Pagamento por debito automatico sistema Fidelidade          2000004226700309    0
F915                      1922013000407132  2019061000000000000189001Pagamento por debito automatico sistema Fidelidade          2000004226700309    0
F915                      1922013000407132  2019061000000000000189001Pagamento por debito automatico sistema Fidelidade          2000004226700309    0
F915                      1922013000407132  2019061000000000000189001Pagamento por debito automatico sistema Fidelidade          2000004226700309    0
F915                      1922013000407132  2019061000000000000189001Pagamento por debito automatico sistema Fidelidade          2000004226700309    0
F957                      1922013000443627  2019061000000000000189001Pagamento por debito automatico sistema Fidelidade          2000006598852390    0
F957                      1922013000443627  2019061000000000000189001Pagamento por debito automatico sistema Fidelidade          2000006598852390    0
F957                      1922013000443627  2019061000000000000189001Pagamento por debito automatico sistema Fidelidade          2000006598852390    0
F957                      1922013000443627  2019061000000000000189001Pagamento por debito automatico sistema Fidelidade          2000006598852390    0
F957                      1922013000443627  2019061000000000000189001Pagamento por debito automatico sistema Fidelidade          2000006598852390    0
F957                      1922013000443627  2019061000000000000189001Pagamento por debito automatico sistema Fidelidade          2000006598852390    0
F957                      1922013000443627  2019061000000000000189001Pagamento por debito automatico sistema Fidelidade          2000006598852390    0
F3647                     1922013000456320  2019061000000000000189001Pagamento por debito automatico sistema Fidelidade          2000004330748316    0
F3654                     1922013000456320  2019061000000000000189001Pagamento por debito automatico sistema Fidelidade          2000076830314372    0
F2910                     1956013000664840  2019061000000000000189001Pagamento por debito automatico sistema Fidelidade          2000089079434353    0
F2910                     1956013000664840  2019061000000000000189001Pagamento por debito automatico sistema Fidelidade          2000089079434353    0
F3579                     1958023000188469  2019061000000000000189001Pagamento por debito automatico sistema Fidelidade          2000002261514336    0
F2515                     1977013000239574  2019061000000000000189001Pagamento por debito automatico sistema Fidelidade          2000043695051353    0
F2900                     2183013000850873  2019061000000000000189001Pagamento por debito automatico sistema Fidelidade          2000003902786370    0
F3107                     2558013000479669  2019061000000000000189001Pagamento por debito automatico sistema Fidelidade          2000003977563300    0
F3779                     2558013001009682  2019061000000000000189001Pagamento por debito automatico sistema Fidelidade          2000060532385381    0
F1871                     2558013001032021  2019061000000000000189001Pagamento por debito automatico sistema Fidelidade          2000097718548368    0
F1871                     2558013001032021  2019061000000000000189001Pagamento por debito automatico sistema Fidelidade          2000097718548368    0
F1871                     2558013001032021  2019061000000000000189001Pagamento por debito automatico sistema Fidelidade          2000097718548368    0
F1871                     2558013001032021  2019061000000000000189001Pagamento por debito automatico sistema Fidelidade          2000097718548368    0
F1871                     2558013001032021  2019061000000000000189001Pagamento por debito automatico sistema Fidelidade          2000097718548368    0
F2129                     2558013001396686  2019061000000000000189001Pagamento por debito automatico sistema Fidelidade          2000095692576368    0
F2129                     2558013001396686  2019061000000000000189001Pagamento por debito automatico sistema Fidelidade          2000095692576368    0
F1112                     2558013001412410  2019061000000000000189001Pagamento por debito automatico sistema Fidelidade          2000016195353353    0
F1112                     2558013001412410  2019061000000000000189001Pagamento por debito automatico sistema Fidelidade          2000016195353353    0
F1112                     2558013001412410  2019061000000000000189001Pagamento por debito automatico sistema Fidelidade          2000016195353353    0
F1112                     2558013001412410  2019061000000000000189001Pagamento por debito automatico sistema Fidelidade          2000016195353353    0
F1112                     2558013001412410  2019061000000000000189001Pagamento por debito automatico sistema Fidelidade          2000016195353353    0
F1112                     2558013001412410  2019061000000000000189001Pagamento por debito automatico sistema Fidelidade          2000016195353353    0
F1112                     2558013001412410  2019061000000000000189001Pagamento por debito automatico sistema Fidelidade          2000016195353353    0
F2785                     2558013001415214  2019061000000000000189001Pagamento por debito automatico sistema Fidelidade          2000003754137310    0
F2785                     2558013001415214  2019061000000000000189001Pagamento por debito automatico sistema Fidelidade          2000003754137310    0
F1347                     2558013001459505  2019061000000000000189001Pagamento por debito automatico sistema Fidelidade          2000018449131120    0
F1347                     2558013001459505  2019061000000000000189001Pagamento por debito automatico sistema Fidelidade          2000018449131120    0
F1347                     2558013001459505  2019061000000000000189001Pagamento por debito automatico sistema Fidelidade          2000018449131120    0
F1347                     2558013001459505  2019061000000000000189001Pagamento por debito automatico sistema Fidelidade          2000018449131120    0
F1347                     2558013001459505  2019061000000000000189001Pagamento por debito automatico sistema Fidelidade          2000018449131120    0
F1347                     2558013001459505  2019061000000000000189001Pagamento por debito automatico sistema Fidelidade          2000018449131120    0
F1148                     2558013001498268  2019061000000000000189001Pagamento por debito automatico sistema Fidelidade          2000004359084307    0
F1148                     2558013001498268  2019061000000000000189001Pagamento por debito automatico sistema Fidelidade          2000004359084307    0
F1148                     2558013001498268  2019061000000000000189001Pagamento por debito automatico sistema Fidelidade          2000004359084307    0
F1148                     2558013001498268  2019061000000000000189001Pagamento por debito automatico sistema Fidelidade          2000004359084307    0
F1148                     2558013001498268  2019061000000000000189001Pagamento por debito automatico sistema Fidelidade          2000004359084307    0
F973                      2558013001503733  2019061000000000000189001Pagamento por debito automatico sistema Fidelidade          2000001268208302    0
F973                      2558013001503733  2019061000000000000189001Pagamento por debito automatico sistema Fidelidade          2000001268208302    0
F973                      2558013001503733  2019061000000000000189001Pagamento por debito automatico sistema Fidelidade          2000001268208302    0
F973                      2558013001503733  2019061000000000000189001Pagamento por debito automatico sistema Fidelidade          2000001268208302    0
F973                      2558013001503733  2019061000000000000189001Pagamento por debito automatico sistema Fidelidade          2000001268208302    0
F973                      2558013001503733  2019061000000000000189001Pagamento por debito automatico sistema Fidelidade          2000001268208302    0
F973                      2558013001503733  2019061000000000000189001Pagamento por debito automatico sistema Fidelidade          2000001268208302    0
F2842                     2558013001511930  2019061000000000000189001Pagamento por debito automatico sistema Fidelidade          2000006813169343    0
F2842                     2558013001511930  2019061000000000000189001Pagamento por debito automatico sistema Fidelidade          2000006813169343    0
F1394                     3418013000205357  2019061000000000000189001Pagamento por debito automatico sistema Fidelidade          2000031766820344    0
F1394                     3418013000205357  2019061000000000000189001Pagamento por debito automatico sistema Fidelidade          2000031766820344    0
F1394                     3418013000205357  2019061000000000000189001Pagamento por debito automatico sistema Fidelidade          2000031766820344    0
F1394                     3418013000205357  2019061000000000000189001Pagamento por debito automatico sistema Fidelidade          2000031766820344    0
F1394                     3418013000205357  2019061000000000000189001Pagamento por debito automatico sistema Fidelidade          2000031766820344    0
F1394                     3418013000205357  2019061000000000000189001Pagamento por debito automatico sistema Fidelidade          2000031766820344    0
F3881                     3466023000034063  2019061000000000000189001Pagamento por debito automatico sistema Fidelidade          2000003921704421    0
F2934                     4254013000031229  2019061000000000000189001Pagamento por debito automatico sistema Fidelidade          2000004947652322    0
F2663                     4367013000096376  2019061000000000000189001Pagamento por debito automatico sistema Fidelidade          2000060399044370    0
F2663                     4367013000096376  2019061000000000000189001Pagamento por debito automatico sistema Fidelidade          2000060399044370    0
F2663                     4367013000096376  2019061000000000000189001Pagamento por debito automatico sistema Fidelidade          2000060399044370    0
F1134                     4420013000007940  2019061000000000000189001Pagamento por debito automatico sistema Fidelidade          2000039922499304    0
F1134                     4420013000007940  2019061000000000000189001Pagamento por debito automatico sistema Fidelidade          2000039922499304    0
Z0000990000000000018333000000000000000000                                                                                                             
