A2902713              C & B ADMINISTRADORA104CAIXA ECON. FEDERAL 2019081200002905DEBITO AUTOMATICO                                                    
F3102                     0578013000146850  2019081200000000000189000Pagamento por debito automatico sistema Fidelidade          2000004799319337    0
F1583                     0919001000344065  2019081200000000000189000Pagamento por debito automatico sistema Fidelidade          2000000287926370    0
F2543                     1048001000310681  2019081200000000000189000Pagamento por debito automatico sistema Fidelidade          2000073494925704    0
F3753                     1048013000390557  2019081200000000000189000Pagamento por debito automatico sistema Fidelidade          2000002062339305    0
F2529                     1888013000127004  2019081200000000000189000Pagamento por debito automatico sistema Fidelidade          2000000496798308    0
F2968                     1977013000153394  2019081200000000000189000Pagamento por debito automatico sistema Fidelidade          2000023070196349    0
F2515                     1977013000239574  2019081200000000000189000Pagamento por debito automatico sistema Fidelidade          2000043695051353    0
F2900                     2183013000850873  2019081200000000000189000Pagamento por debito automatico sistema Fidelidade          2000003902786370    0
F2980                     2558013000770266  2019081200000000000189000Pagamento por debito automatico sistema Fidelidade          2000016507576387    0
F2388                     2558013001191200  2019081200000000000189000Pagamento por debito automatico sistema Fidelidade          2000084397667349    0
F1112                     2558013001412410  2019081200000000000189000Pagamento por debito automatico sistema Fidelidade          2000016195353353    0
F1107                     2558013001480156  2019081200000000000189000Pagamento por debito automatico sistema Fidelidade          2000077693345353    0
F3384                     2558013001480466  2019081200000000000189000Pagamento por debito automatico sistema Fidelidade          2000003256664318    0
F3174                     3418013000186000  2019081200000000000189000Pagamento por debito automatico sistema Fidelidade          2000097392421387    0
F1394                     3418013000205357  2019081200000000000189000Pagamento por debito automatico sistema Fidelidade          2000031766820344    0
F1753                     3466013000197151  2019081200000000000189000Pagamento por debito automatico sistema Fidelidade          2000073866717334    0
F3568                     4110013000452174  2019081200000000000189000Pagamento por debito automatico sistema Fidelidade          2000009406688743    0
F2617                     4247013000065877  2019081200000000000189000Pagamento por debito automatico sistema Fidelidade          2000001755363338    0
F2663                     4367013000096376  2019081200000000000189000Pagamento por debito automatico sistema Fidelidade          2000060399044370    0
Z0000210000000000003591000000000000000000                                                                                                             
