A2902713              C & B ADMINISTRADORA104CAIXA ECON. FEDERAL 2019072500002705DEBITO AUTOMATICO                                                    
B3080                     1563013001288748  20190725                                                                                                 1
Z0000030000000000000000000000000000000000                                                                                                             
