75600000         235812309000160                    04609400000000793400SALUTE                        SICOOB                                  11706202016061800000108100000                                                                     
75600011R01  040 2035812309000160                    0460940000000079340 SALUTE                                                                                                        000000011706202000000000                                 
7560001300001P 010460940000000079340 001117119301014     10 221000000000000000207202000000000000650000000 32A17062020000000000000000000000000000000000000000000000000000000000000000000000000000000TESTECNAB                3000   090000000000 
7560001300002Q 011000062318412359SALUTE                                  AV TOCANTINS                            NOVO HORIZONTE 68503660MARABA         PA2035812309000160SALUTE                                  000                            
75600015         00000400000000000000000006500000000000000000000000000000000000000000000000000000000000000000000000                                                                                                                             
75699999         000001000005000000                                                                                                                                                                                                             