75600000         2358123090001600202088             04609400000000793401SALUTE                        SICOOB                                  11106202017071600000108100000                                                                     
7560001300001P 0204609400000000793401001117276501014          10 21100000000000000110620200000000000000000000DMA110620200000000000000000000000000000000000000000000000000000000000000000000000TESTE CNAB               1000   090000000000 
7560002300002P 0204609400000000793401001117277201014          10 21200000000000000110620200000000000000000000DMA110620200000000000000000000000000000000000000000000000000000000000000000000000TESTE CNAB               1000   090000000000 
7560003300003P 0204609400000000793401001117278001014          10 21300000000000000120620200000000000000000000DMA110620200000000000000000000000000000000000000000000000000000000000000000000000TESTE CNAB               1000   090000000000 
75699999         000004000004000004                                                                                                                                                                                                             