75600000         235812309000160                    04609400000000793400SALUTE                        SICOOB                                  12206202008521400000108100000                                                                     
75600011R01  040 2035812309000160                    0460940000000079340 SALUTE                                                                                                        000000012206202000000000                                 
7560001300001P 010460940000000079340 001117197801014     10 221000000000000002206202000000000000650000000 32A22062020000000000000000000000000000000000000000000000000000000000000000000000000000000teste CNAB               3000   090000000000 
7560001300002Q 011000062318412359SALUTE                                  AV TOCANTINS                            NOVO HORIZONTE 68503660MARABA         PA2035812309000160SALUTE                                  000                            
75600015         00000400000000000000000006500000000000000000000000000000000000000000000000000000000000000000000000                                                                                                                             
75699999         000001000005000000                                                                                                                                                                                                             