75600000         235812309000160                    04609400000000793400SALUTE                        SICOOB                                  11306202011014200000108100000                                                                     
75600011R01  040 2035812309000160                    0460940000000079340 SALUTE                                                                                                        000000011306202000000000                                 
7560001300001P 010460940000000079340 001117332301014     10 221000000000000001306202000000000000100000000 32A13062020000000000000000000000000000000000000000000000000000000000000000000000000000000TESTE CNAB               3000   090000000000 
75600015         00000000000000000000000000000000000000000000000000000000000000000000000000000000000000000000000000                                                                                                                             
75600021R01  040 2035812309000160                    0460940000000079340 SALUTE                                                                                                        000000021306202000000000                                 
7560002300002P 010460940000000079340 001117331601014     10 222000000000000001306202000000000000100000000 32A13062020000000000000000000000000000000000000000000000000000000000000000000000000000000TESTE CNAB               3000   090000000000 
75600025         00000000000000000000000000000000000000000000000000000000000000000000000000000000000000000000000000                                                                                                                             
75699999         000003000003000000                                                                                                                                                                                                             