75600000         235812309000160                    04609400000000793400SALUTE                        SICOOB                                  13007202010485900000108100000                                                                     
75600011R01  040 2035812309000160                    0460940000000079340 SALUTE                                                                                                        000000013007202000000000                                 
7560001300001P 010460940000000079340 001120337301014     10 221000000000000000508202000000000000650000000 32A29072020000000000000000000000000000000000000000000000000000000000000000000000000000000ANA PAULA BRITO ALVES    3000   090000000000 
7560001300002Q 011000074339893234SALUTE                                  AV TOCANTINS                            NOVO HORIZONTE 68503660MARABA         PA2035812309000160SALUTE                                  000                            
7560001300003P 010460940000000079340 001120391101014     10 223000000000000001008202000000000000650000000 32A29072020000000000000000000000000000000000000000000000000000000000000000000000000000000MARIA ANTONIA TORRES DA F3000   090000000000 
7560001300004Q 011000099306590210SALUTE                                  AV TOCANTINS                            NOVO HORIZONTE 68503660MARABA         PA2035812309000160SALUTE                                  000                            
7560001300005P 010460940000000079340 001120350001014     10 225000000000000001008202000000000000650000000 32A29072020000000000000000000000000000000000000000000000000000000000000000000000000000000NADDYA DE ALMEIDA FREITAS3000   090000000000 
7560001300006Q 011000005371417230SALUTE                                  AV TOCANTINS                            NOVO HORIZONTE 68503660MARABA         PA2035812309000160SALUTE                                  000                            
7560001300007P 010460940000000079340 001120364201014     10 227000000000000001008202000000000000650000000 32A29072020000000000000000000000000000000000000000000000000000000000000000000000000000000SALETE SOCORRO SOUZA FORT3000   090000000000 
7560001300008Q 011000024474673204SALUTE                                  AV TOCANTINS                            NOVO HORIZONTE 68503660MARABA         PA2035812309000160SALUTE                                  000                            
7560001300009P 010460940000000079340 001120404201014     10 229000000000000001008202000000000000650000000 32A29072020000000000000000000000000000000000000000000000000000000000000000000000000000000MARLUCE CUNHA RODOVALHO C3000   090000000000 
7560001300010Q 011000052553639600SALUTE                                  AV TOCANTINS                            NOVO HORIZONTE 68503660MARABA         PA2035812309000160SALUTE                                  000                            
7560001300011P 010460940000000079340 001120377801014     10 221100000000000001008202000000000000650000000 32A29072020000000000000000000000000000000000000000000000000000000000000000000000000000000ANTONIA LEITE DE JESUS   3000   090000000000 
7560001300012Q 011000045530386253SALUTE                                  AV TOCANTINS                            NOVO HORIZONTE 68503660MARABA         PA2035812309000160SALUTE                                  000                            
7560001300013P 010460940000000079340 001120338001014     10 221300000000000000509202000000000000650000000 32A29072020000000000000000000000000000000000000000000000000000000000000000000000000000000ANA PAULA BRITO ALVES    3000   090000000000 
7560001300014Q 011000074339893234SALUTE                                  AV TOCANTINS                            NOVO HORIZONTE 68503660MARABA         PA2035812309000160SALUTE                                  000                            
7560001300015P 010460940000000079340 001120405001014     10 221500000000000001009202000000000000650000000 32A29072020000000000000000000000000000000000000000000000000000000000000000000000000000000MARLUCE CUNHA RODOVALHO C3000   090000000000 
7560001300016Q 011000052553639600SALUTE                                  AV TOCANTINS                            NOVO HORIZONTE 68503660MARABA         PA2035812309000160SALUTE                                  000                            
7560001300017P 010460940000000079340 001120378501014     10 221700000000000001009202000000000000650000000 32A29072020000000000000000000000000000000000000000000000000000000000000000000000000000000ANTONIA LEITE DE JESUS   3000   090000000000 
7560001300018Q 011000045530386253SALUTE                                  AV TOCANTINS                            NOVO HORIZONTE 68503660MARABA         PA2035812309000160SALUTE                                  000                            
7560001300019P 010460940000000079340 001120392901014     10 221900000000000001009202000000000000650000000 32A29072020000000000000000000000000000000000000000000000000000000000000000000000000000000MARIA ANTONIA TORRES DA F3000   090000000000 
7560001300020Q 011000099306590210SALUTE                                  AV TOCANTINS                            NOVO HORIZONTE 68503660MARABA         PA2035812309000160SALUTE                                  000                            
7560001300021P 010460940000000079340 001120351701014     10 222100000000000001009202000000000000650000000 32A29072020000000000000000000000000000000000000000000000000000000000000000000000000000000NADDYA DE ALMEIDA FREITAS3000   090000000000 
7560001300022Q 011000005371417230SALUTE                                  AV TOCANTINS                            NOVO HORIZONTE 68503660MARABA         PA2035812309000160SALUTE                                  000                            
7560001300023P 010460940000000079340 001120365001014     10 222300000000000001009202000000000000650000000 32A29072020000000000000000000000000000000000000000000000000000000000000000000000000000000SALETE SOCORRO SOUZA FORT3000   090000000000 
7560001300024Q 011000024474673204SALUTE                                  AV TOCANTINS                            NOVO HORIZONTE 68503660MARABA         PA2035812309000160SALUTE                                  000                            
7560001300025P 010460940000000079340 001120339801014     10 222500000000000000510202000000000000650000000 32A29072020000000000000000000000000000000000000000000000000000000000000000000000000000000ANA PAULA BRITO ALVES    3000   090000000000 
7560001300026Q 011000074339893234SALUTE                                  AV TOCANTINS                            NOVO HORIZONTE 68503660MARABA         PA2035812309000160SALUTE                                  000                            
7560001300027P 010460940000000079340 001120352401014     10 222700000000000001010202000000000000650000000 32A29072020000000000000000000000000000000000000000000000000000000000000000000000000000000NADDYA DE ALMEIDA FREITAS3000   090000000000 
7560001300028Q 011000005371417230SALUTE                                  AV TOCANTINS                            NOVO HORIZONTE 68503660MARABA         PA2035812309000160SALUTE                                  000                            
7560001300029P 010460940000000079340 001120406701014     10 222900000000000001010202000000000000650000000 32A29072020000000000000000000000000000000000000000000000000000000000000000000000000000000MARLUCE CUNHA RODOVALHO C3000   090000000000 
7560001300030Q 011000052553639600SALUTE                                  AV TOCANTINS                            NOVO HORIZONTE 68503660MARABA         PA2035812309000160SALUTE                                  000                            
7560001300031P 010460940000000079340 001120366701014     10 223100000000000001010202000000000000650000000 32A29072020000000000000000000000000000000000000000000000000000000000000000000000000000000SALETE SOCORRO SOUZA FORT3000   090000000000 
7560001300032Q 011000024474673204SALUTE                                  AV TOCANTINS                            NOVO HORIZONTE 68503660MARABA         PA2035812309000160SALUTE                                  000                            
7560001300033P 010460940000000079340 001120393601014     10 223300000000000001010202000000000000650000000 32A29072020000000000000000000000000000000000000000000000000000000000000000000000000000000MARIA ANTONIA TORRES DA F3000   090000000000 
7560001300034Q 011000099306590210SALUTE                                  AV TOCANTINS                            NOVO HORIZONTE 68503660MARABA         PA2035812309000160SALUTE                                  000                            
7560001300035P 010460940000000079340 001120379201014     10 223500000000000001010202000000000000650000000 32A29072020000000000000000000000000000000000000000000000000000000000000000000000000000000ANTONIA LEITE DE JESUS   3000   090000000000 
7560001300036Q 011000045530386253SALUTE                                  AV TOCANTINS                            NOVO HORIZONTE 68503660MARABA         PA2035812309000160SALUTE                                  000                            
7560001300037P 010460940000000079340 001120340601014     10 223700000000000000511202000000000000650000000 32A29072020000000000000000000000000000000000000000000000000000000000000000000000000000000ANA PAULA BRITO ALVES    3000   090000000000 
7560001300038Q 011000074339893234SALUTE                                  AV TOCANTINS                            NOVO HORIZONTE 68503660MARABA         PA2035812309000160SALUTE                                  000                            
7560001300039P 010460940000000079340 001120394301014     10 223900000000000001011202000000000000650000000 32A29072020000000000000000000000000000000000000000000000000000000000000000000000000000000MARIA ANTONIA TORRES DA F3000   090000000000 
7560001300040Q 011000099306590210SALUTE                                  AV TOCANTINS                            NOVO HORIZONTE 68503660MARABA         PA2035812309000160SALUTE                                  000                            
7560001300041P 010460940000000079340 001120367401014     10 224100000000000001011202000000000000650000000 32A29072020000000000000000000000000000000000000000000000000000000000000000000000000000000SALETE SOCORRO SOUZA FORT3000   090000000000 
7560001300042Q 011000024474673204SALUTE                                  AV TOCANTINS                            NOVO HORIZONTE 68503660MARABA         PA2035812309000160SALUTE                                  000                            
7560001300043P 010460940000000079340 001120407401014     10 224300000000000001011202000000000000650000000 32A29072020000000000000000000000000000000000000000000000000000000000000000000000000000000MARLUCE CUNHA RODOVALHO C3000   090000000000 
7560001300044Q 011000052553639600SALUTE                                  AV TOCANTINS                            NOVO HORIZONTE 68503660MARABA         PA2035812309000160SALUTE                                  000                            
7560001300045P 010460940000000079340 001120380001014     10 224500000000000001011202000000000000650000000 32A29072020000000000000000000000000000000000000000000000000000000000000000000000000000000ANTONIA LEITE DE JESUS   3000   090000000000 
7560001300046Q 011000045530386253SALUTE                                  AV TOCANTINS                            NOVO HORIZONTE 68503660MARABA         PA2035812309000160SALUTE                                  000                            
7560001300047P 010460940000000079340 001120353101014     10 224700000000000001011202000000000000650000000 32A29072020000000000000000000000000000000000000000000000000000000000000000000000000000000NADDYA DE ALMEIDA FREITAS3000   090000000000 
7560001300048Q 011000005371417230SALUTE                                  AV TOCANTINS                            NOVO HORIZONTE 68503660MARABA         PA2035812309000160SALUTE                                  000                            
7560001300049P 010460940000000079340 001120341301014     10 224900000000000000512202000000000000650000000 32A29072020000000000000000000000000000000000000000000000000000000000000000000000000000000ANA PAULA BRITO ALVES    3000   090000000000 
7560001300050Q 011000074339893234SALUTE                                  AV TOCANTINS                            NOVO HORIZONTE 68503660MARABA         PA2035812309000160SALUTE                                  000                            
7560001300051P 010460940000000079340 001120381801014     10 225100000000000001012202000000000000650000000 32A29072020000000000000000000000000000000000000000000000000000000000000000000000000000000ANTONIA LEITE DE JESUS   3000   090000000000 
7560001300052Q 011000045530386253SALUTE                                  AV TOCANTINS                            NOVO HORIZONTE 68503660MARABA         PA2035812309000160SALUTE                                  000                            
7560001300053P 010460940000000079340 001120354901014     10 225300000000000001012202000000000000650000000 32A29072020000000000000000000000000000000000000000000000000000000000000000000000000000000NADDYA DE ALMEIDA FREITAS3000   090000000000 
7560001300054Q 011000005371417230SALUTE                                  AV TOCANTINS                            NOVO HORIZONTE 68503660MARABA         PA2035812309000160SALUTE                                  000                            
7560001300055P 010460940000000079340 001120395001014     10 225500000000000001012202000000000000650000000 32A29072020000000000000000000000000000000000000000000000000000000000000000000000000000000MARIA ANTONIA TORRES DA F3000   090000000000 
7560001300056Q 011000099306590210SALUTE                                  AV TOCANTINS                            NOVO HORIZONTE 68503660MARABA         PA2035812309000160SALUTE                                  000                            
7560001300057P 010460940000000079340 001120408101014     10 225700000000000001012202000000000000650000000 32A29072020000000000000000000000000000000000000000000000000000000000000000000000000000000MARLUCE CUNHA RODOVALHO C3000   090000000000 
7560001300058Q 011000052553639600SALUTE                                  AV TOCANTINS                            NOVO HORIZONTE 68503660MARABA         PA2035812309000160SALUTE                                  000                            
7560001300059P 010460940000000079340 001120368101014     10 225900000000000001012202000000000000650000000 32A29072020000000000000000000000000000000000000000000000000000000000000000000000000000000SALETE SOCORRO SOUZA FORT3000   090000000000 
7560001300060Q 011000024474673204SALUTE                                  AV TOCANTINS                            NOVO HORIZONTE 68503660MARABA         PA2035812309000160SALUTE                                  000                            
7560001300061P 010460940000000079340 001120342001014     10 226100000000000000501202100000000000650000000 32A29072020000000000000000000000000000000000000000000000000000000000000000000000000000000ANA PAULA BRITO ALVES    3000   090000000000 
7560001300062Q 011000074339893234SALUTE                                  AV TOCANTINS                            NOVO HORIZONTE 68503660MARABA         PA2035812309000160SALUTE                                  000                            
7560001300063P 010460940000000079340 001120409901014     10 226300000000000001001202100000000000650000000 32A29072020000000000000000000000000000000000000000000000000000000000000000000000000000000MARLUCE CUNHA RODOVALHO C3000   090000000000 
7560001300064Q 011000052553639600SALUTE                                  AV TOCANTINS                            NOVO HORIZONTE 68503660MARABA         PA2035812309000160SALUTE                                  000                            
7560001300065P 010460940000000079340 001120382501014     10 226500000000000001001202100000000000650000000 32A29072020000000000000000000000000000000000000000000000000000000000000000000000000000000ANTONIA LEITE DE JESUS   3000   090000000000 
7560001300066Q 011000045530386253SALUTE                                  AV TOCANTINS                            NOVO HORIZONTE 68503660MARABA         PA2035812309000160SALUTE                                  000                            
7560001300067P 010460940000000079340 001120369901014     10 226700000000000001001202100000000000650000000 32A29072020000000000000000000000000000000000000000000000000000000000000000000000000000000SALETE SOCORRO SOUZA FORT3000   090000000000 
7560001300068Q 011000024474673204SALUTE                                  AV TOCANTINS                            NOVO HORIZONTE 68503660MARABA         PA2035812309000160SALUTE                                  000                            
7560001300069P 010460940000000079340 001120396801014     10 226900000000000001001202100000000000650000000 32A29072020000000000000000000000000000000000000000000000000000000000000000000000000000000MARIA ANTONIA TORRES DA F3000   090000000000 
7560001300070Q 011000099306590210SALUTE                                  AV TOCANTINS                            NOVO HORIZONTE 68503660MARABA         PA2035812309000160SALUTE                                  000                            
7560001300071P 010460940000000079340 001120355601014     10 227100000000000001001202100000000000650000000 32A29072020000000000000000000000000000000000000000000000000000000000000000000000000000000NADDYA DE ALMEIDA FREITAS3000   090000000000 
7560001300072Q 011000005371417230SALUTE                                  AV TOCANTINS                            NOVO HORIZONTE 68503660MARABA         PA2035812309000160SALUTE                                  000                            
7560001300073P 010460940000000079340 001120343801014     10 227300000000000000502202100000000000650000000 32A29072020000000000000000000000000000000000000000000000000000000000000000000000000000000ANA PAULA BRITO ALVES    3000   090000000000 
7560001300074Q 011000074339893234SALUTE                                  AV TOCANTINS                            NOVO HORIZONTE 68503660MARABA         PA2035812309000160SALUTE                                  000                            
7560001300075P 010460940000000079340 001120397501014     10 227500000000000001002202100000000000650000000 32A29072020000000000000000000000000000000000000000000000000000000000000000000000000000000MARIA ANTONIA TORRES DA F3000   090000000000 
7560001300076Q 011000099306590210SALUTE                                  AV TOCANTINS                            NOVO HORIZONTE 68503660MARABA         PA2035812309000160SALUTE                                  000                            
7560001300077P 010460940000000079340 001120410701014     10 227700000000000001002202100000000000650000000 32A29072020000000000000000000000000000000000000000000000000000000000000000000000000000000MARLUCE CUNHA RODOVALHO C3000   090000000000 
7560001300078Q 011000052553639600SALUTE                                  AV TOCANTINS                            NOVO HORIZONTE 68503660MARABA         PA2035812309000160SALUTE                                  000                            
7560001300079P 010460940000000079340 001120356301014     10 227900000000000001002202100000000000650000000 32A29072020000000000000000000000000000000000000000000000000000000000000000000000000000000NADDYA DE ALMEIDA FREITAS3000   090000000000 
7560001300080Q 011000005371417230SALUTE                                  AV TOCANTINS                            NOVO HORIZONTE 68503660MARABA         PA2035812309000160SALUTE                                  000                            
7560001300081P 010460940000000079340 001120370701014     10 228100000000000001002202100000000000650000000 32A29072020000000000000000000000000000000000000000000000000000000000000000000000000000000SALETE SOCORRO SOUZA FORT3000   090000000000 
7560001300082Q 011000024474673204SALUTE                                  AV TOCANTINS                            NOVO HORIZONTE 68503660MARABA         PA2035812309000160SALUTE                                  000                            
7560001300083P 010460940000000079340 001120383201014     10 228300000000000001002202100000000000650000000 32A29072020000000000000000000000000000000000000000000000000000000000000000000000000000000ANTONIA LEITE DE JESUS   3000   090000000000 
7560001300084Q 011000045530386253SALUTE                                  AV TOCANTINS                            NOVO HORIZONTE 68503660MARABA         PA2035812309000160SALUTE                                  000                            
7560001300085P 010460940000000079340 001120344501014     10 228500000000000000503202100000000000650000000 32A29072020000000000000000000000000000000000000000000000000000000000000000000000000000000ANA PAULA BRITO ALVES    3000   090000000000 
7560001300086Q 011000074339893234SALUTE                                  AV TOCANTINS                            NOVO HORIZONTE 68503660MARABA         PA2035812309000160SALUTE                                  000                            
7560001300087P 010460940000000079340 001120371401014     10 228700000000000001003202100000000000650000000 32A29072020000000000000000000000000000000000000000000000000000000000000000000000000000000SALETE SOCORRO SOUZA FORT3000   090000000000 
7560001300088Q 011000024474673204SALUTE                                  AV TOCANTINS                            NOVO HORIZONTE 68503660MARABA         PA2035812309000160SALUTE                                  000                            
7560001300089P 010460940000000079340 001120384001014     10 228900000000000001003202100000000000650000000 32A29072020000000000000000000000000000000000000000000000000000000000000000000000000000000ANTONIA LEITE DE JESUS   3000   090000000000 
7560001300090Q 011000045530386253SALUTE                                  AV TOCANTINS                            NOVO HORIZONTE 68503660MARABA         PA2035812309000160SALUTE                                  000                            
7560001300091P 010460940000000079340 001120398201014     10 229100000000000001003202100000000000650000000 32A29072020000000000000000000000000000000000000000000000000000000000000000000000000000000MARIA ANTONIA TORRES DA F3000   090000000000 
7560001300092Q 011000099306590210SALUTE                                  AV TOCANTINS                            NOVO HORIZONTE 68503660MARABA         PA2035812309000160SALUTE                                  000                            
7560001300093P 010460940000000079340 001120357001014     10 229300000000000001003202100000000000650000000 32A29072020000000000000000000000000000000000000000000000000000000000000000000000000000000NADDYA DE ALMEIDA FREITAS3000   090000000000 
7560001300094Q 011000005371417230SALUTE                                  AV TOCANTINS                            NOVO HORIZONTE 68503660MARABA         PA2035812309000160SALUTE                                  000                            
7560001300095P 010460940000000079340 001120411401014     10 229500000000000001003202100000000000650000000 32A29072020000000000000000000000000000000000000000000000000000000000000000000000000000000MARLUCE CUNHA RODOVALHO C3000   090000000000 
7560001300096Q 011000052553639600SALUTE                                  AV TOCANTINS                            NOVO HORIZONTE 68503660MARABA         PA2035812309000160SALUTE                                  000                            
7560001300097P 010460940000000079340 001120345201014     10 229700000000000000504202100000000000650000000 32A29072020000000000000000000000000000000000000000000000000000000000000000000000000000000ANA PAULA BRITO ALVES    3000   090000000000 
7560001300098Q 011000074339893234SALUTE                                  AV TOCANTINS                            NOVO HORIZONTE 68503660MARABA         PA2035812309000160SALUTE                                  000                            
7560001300099P 010460940000000079340 001120412101014     10 229900000000000001004202100000000000650000000 32A29072020000000000000000000000000000000000000000000000000000000000000000000000000000000MARLUCE CUNHA RODOVALHO C3000   090000000000 
7560001300100Q 011000052553639600SALUTE                                  AV TOCANTINS                            NOVO HORIZONTE 68503660MARABA         PA2035812309000160SALUTE                                  000                            
7560001300101P 010460940000000079340 001120399001014     10 221010000000000001004202100000000000650000000 32A29072020000000000000000000000000000000000000000000000000000000000000000000000000000000MARIA ANTONIA TORRES DA F3000   090000000000 
7560001300102Q 011000099306590210SALUTE                                  AV TOCANTINS                            NOVO HORIZONTE 68503660MARABA         PA2035812309000160SALUTE                                  000                            
7560001300103P 010460940000000079340 001120385701014     10 221030000000000001004202100000000000650000000 32A29072020000000000000000000000000000000000000000000000000000000000000000000000000000000ANTONIA LEITE DE JESUS   3000   090000000000 
7560001300104Q 011000045530386253SALUTE                                  AV TOCANTINS                            NOVO HORIZONTE 68503660MARABA         PA2035812309000160SALUTE                                  000                            
7560001300105P 010460940000000079340 001120372101014     10 221050000000000001004202100000000000650000000 32A29072020000000000000000000000000000000000000000000000000000000000000000000000000000000SALETE SOCORRO SOUZA FORT3000   090000000000 
7560001300106Q 011000024474673204SALUTE                                  AV TOCANTINS                            NOVO HORIZONTE 68503660MARABA         PA2035812309000160SALUTE                                  000                            
7560001300107P 010460940000000079340 001120358801014     10 221070000000000001004202100000000000650000000 32A29072020000000000000000000000000000000000000000000000000000000000000000000000000000000NADDYA DE ALMEIDA FREITAS3000   090000000000 
7560001300108Q 011000005371417230SALUTE                                  AV TOCANTINS                            NOVO HORIZONTE 68503660MARABA         PA2035812309000160SALUTE                                  000                            
7560001300109P 010460940000000079340 001120346001014     10 221090000000000000505202100000000000650000000 32A29072020000000000000000000000000000000000000000000000000000000000000000000000000000000ANA PAULA BRITO ALVES    3000   090000000000 
7560001300110Q 011000074339893234SALUTE                                  AV TOCANTINS                            NOVO HORIZONTE 68503660MARABA         PA2035812309000160SALUTE                                  000                            
7560001300111P 010460940000000079340 001120413901014     10 221110000000000001005202100000000000650000000 32A29072020000000000000000000000000000000000000000000000000000000000000000000000000000000MARLUCE CUNHA RODOVALHO C3000   090000000000 
7560001300112Q 011000052553639600SALUTE                                  AV TOCANTINS                            NOVO HORIZONTE 68503660MARABA         PA2035812309000160SALUTE                                  000                            
7560001300113P 010460940000000079340 001120400301014     10 221130000000000001005202100000000000650000000 32A29072020000000000000000000000000000000000000000000000000000000000000000000000000000000MARIA ANTONIA TORRES DA F3000   090000000000 
7560001300114Q 011000099306590210SALUTE                                  AV TOCANTINS                            NOVO HORIZONTE 68503660MARABA         PA2035812309000160SALUTE                                  000                            
7560001300115P 010460940000000079340 001120373901014     10 221150000000000001005202100000000000650000000 32A29072020000000000000000000000000000000000000000000000000000000000000000000000000000000SALETE SOCORRO SOUZA FORT3000   090000000000 
7560001300116Q 011000024474673204SALUTE                                  AV TOCANTINS                            NOVO HORIZONTE 68503660MARABA         PA2035812309000160SALUTE                                  000                            
7560001300117P 010460940000000079340 001120359501014     10 221170000000000001005202100000000000650000000 32A29072020000000000000000000000000000000000000000000000000000000000000000000000000000000NADDYA DE ALMEIDA FREITAS3000   090000000000 
7560001300118Q 011000005371417230SALUTE                                  AV TOCANTINS                            NOVO HORIZONTE 68503660MARABA         PA2035812309000160SALUTE                                  000                            
7560001300119P 010460940000000079340 001120386401014     10 221190000000000001005202100000000000650000000 32A29072020000000000000000000000000000000000000000000000000000000000000000000000000000000ANTONIA LEITE DE JESUS   3000   090000000000 
7560001300120Q 011000045530386253SALUTE                                  AV TOCANTINS                            NOVO HORIZONTE 68503660MARABA         PA2035812309000160SALUTE                                  000                            
7560001300121P 010460940000000079340 001120347701014     10 221210000000000000506202100000000000650000000 32A29072020000000000000000000000000000000000000000000000000000000000000000000000000000000ANA PAULA BRITO ALVES    3000   090000000000 
7560001300122Q 011000074339893234SALUTE                                  AV TOCANTINS                            NOVO HORIZONTE 68503660MARABA         PA2035812309000160SALUTE                                  000                            
7560001300123P 010460940000000079340 001120401001014     10 221230000000000001006202100000000000650000000 32A29072020000000000000000000000000000000000000000000000000000000000000000000000000000000MARIA ANTONIA TORRES DA F3000   090000000000 
7560001300124Q 011000099306590210SALUTE                                  AV TOCANTINS                            NOVO HORIZONTE 68503660MARABA         PA2035812309000160SALUTE                                  000                            
7560001300125P 010460940000000079340 001120360301014     10 221250000000000001006202100000000000650000000 32A29072020000000000000000000000000000000000000000000000000000000000000000000000000000000NADDYA DE ALMEIDA FREITAS3000   090000000000 
7560001300126Q 011000005371417230SALUTE                                  AV TOCANTINS                            NOVO HORIZONTE 68503660MARABA         PA2035812309000160SALUTE                                  000                            
7560001300127P 010460940000000079340 001120374601014     10 221270000000000001006202100000000000650000000 32A29072020000000000000000000000000000000000000000000000000000000000000000000000000000000SALETE SOCORRO SOUZA FORT3000   090000000000 
7560001300128Q 011000024474673204SALUTE                                  AV TOCANTINS                            NOVO HORIZONTE 68503660MARABA         PA2035812309000160SALUTE                                  000                            
7560001300129P 010460940000000079340 001120387101014     10 221290000000000001006202100000000000650000000 32A29072020000000000000000000000000000000000000000000000000000000000000000000000000000000ANTONIA LEITE DE JESUS   3000   090000000000 
7560001300130Q 011000045530386253SALUTE                                  AV TOCANTINS                            NOVO HORIZONTE 68503660MARABA         PA2035812309000160SALUTE                                  000                            
7560001300131P 010460940000000079340 001120414601014     10 221310000000000001006202100000000000650000000 32A29072020000000000000000000000000000000000000000000000000000000000000000000000000000000MARLUCE CUNHA RODOVALHO C3000   090000000000 
7560001300132Q 011000052553639600SALUTE                                  AV TOCANTINS                            NOVO HORIZONTE 68503660MARABA         PA2035812309000160SALUTE                                  000                            
7560001300133P 010460940000000079340 001120348401014     10 221330000000000000507202100000000000650000000 32A29072020000000000000000000000000000000000000000000000000000000000000000000000000000000ANA PAULA BRITO ALVES    3000   090000000000 
7560001300134Q 011000074339893234SALUTE                                  AV TOCANTINS                            NOVO HORIZONTE 68503660MARABA         PA2035812309000160SALUTE                                  000                            
7560001300135P 010460940000000079340 001120415301014     10 221350000000000001007202100000000000650000000 32A29072020000000000000000000000000000000000000000000000000000000000000000000000000000000MARLUCE CUNHA RODOVALHO C3000   090000000000 
7560001300136Q 011000052553639600SALUTE                                  AV TOCANTINS                            NOVO HORIZONTE 68503660MARABA         PA2035812309000160SALUTE                                  000                            
7560001300137P 010460940000000079340 001120388901014     10 221370000000000001007202100000000000650000000 32A29072020000000000000000000000000000000000000000000000000000000000000000000000000000000ANTONIA LEITE DE JESUS   3000   090000000000 
7560001300138Q 011000045530386253SALUTE                                  AV TOCANTINS                            NOVO HORIZONTE 68503660MARABA         PA2035812309000160SALUTE                                  000                            
7560001300139P 010460940000000079340 001120361001014     10 221390000000000001007202100000000000650000000 32A29072020000000000000000000000000000000000000000000000000000000000000000000000000000000NADDYA DE ALMEIDA FREITAS3000   090000000000 
7560001300140Q 011000005371417230SALUTE                                  AV TOCANTINS                            NOVO HORIZONTE 68503660MARABA         PA2035812309000160SALUTE                                  000                            
7560001300141P 010460940000000079340 001120375301014     10 221410000000000001007202100000000000650000000 32A29072020000000000000000000000000000000000000000000000000000000000000000000000000000000SALETE SOCORRO SOUZA FORT3000   090000000000 
7560001300142Q 011000024474673204SALUTE                                  AV TOCANTINS                            NOVO HORIZONTE 68503660MARABA         PA2035812309000160SALUTE                                  000                            
7560001300143P 010460940000000079340 001120402801014     10 221430000000000001007202100000000000650000000 32A29072020000000000000000000000000000000000000000000000000000000000000000000000000000000MARIA ANTONIA TORRES DA F3000   090000000000 
7560001300144Q 011000099306590210SALUTE                                  AV TOCANTINS                            NOVO HORIZONTE 68503660MARABA         PA2035812309000160SALUTE                                  000                            
75600015         00014600000000000000000468000000000000000000000000000000000000000000000000000000000000000000000000                                                                                                                             
75699999         000001000289000000                                                                                                                                                                                                             