75600000         235812309000160                    04609400000000793400SALUTE                        SICOOB                                  11606202010325100000108100000                                                                     
75600011R01  040 2035812309000160                    0460940000000079340 SALUTE                                                                                                        000000011606202000000000                                 
7560001300001P 010460940000000079340 001117094401014     10 221000000000000001007202000000000000650000000 32A16062020000000000000000000000000000000000000000000000000000000000000000000000000000000teste CNB                3000   090000000000 
7560001300002Q 011000062318412359SALUTE                                  AV TOCANTINS                            NOVO HORIZONTE 68503660MARABA         PA2035812309000160SALUTE                                  000                            
75600015         00000400000000000000000006500000000000000000000000000000000000000000000000000000000000000000000000                                                                                                                             
75600021R01  040 2035812309000160                    0460940000000079340 SALUTE                                                                                                        000000011606202000000000                                 
7560002300001P 010460940000000079340 001117095101014     10 221000000000000001008202000000000000650000000 32A16062020000000000000000000000000000000000000000000000000000000000000000000000000000000teste CNB                3000   090000000000 
7560002300002Q 011000062318412359SALUTE                                  AV TOCANTINS                            NOVO HORIZONTE 68503660MARABA         PA2035812309000160SALUTE                                  000                            
75600025         00000400000000000000000006500000000000000000000000000000000000000000000000000000000000000000000000                                                                                                                             
75600031R01  040 2035812309000160                    0460940000000079340 SALUTE                                                                                                        000000011606202000000000                                 
7560003300001P 010460940000000079340 001117096901014     10 221000000000000001009202000000000000650000000 32A16062020000000000000000000000000000000000000000000000000000000000000000000000000000000teste CNB                3000   090000000000 
7560003300002Q 011000062318412359SALUTE                                  AV TOCANTINS                            NOVO HORIZONTE 68503660MARABA         PA2035812309000160SALUTE                                  000                            
75600035         00000400000000000000000006500000000000000000000000000000000000000000000000000000000000000000000000                                                                                                                             
75600041R01  040 2035812309000160                    0460940000000079340 SALUTE                                                                                                        000000011606202000000000                                 
7560004300001P 010460940000000079340 001117097601014     10 221000000000000001010202000000000000650000000 32A16062020000000000000000000000000000000000000000000000000000000000000000000000000000000teste CNB                3000   090000000000 
7560004300002Q 011000062318412359SALUTE                                  AV TOCANTINS                            NOVO HORIZONTE 68503660MARABA         PA2035812309000160SALUTE                                  000                            
75600045         00000400000000000000000006500000000000000000000000000000000000000000000000000000000000000000000000                                                                                                                             
75600051R01  040 2035812309000160                    0460940000000079340 SALUTE                                                                                                        000000011606202000000000                                 
7560005300001P 010460940000000079340 001117098301014     10 221000000000000001011202000000000000650000000 32A16062020000000000000000000000000000000000000000000000000000000000000000000000000000000teste CNB                3000   090000000000 
7560005300002Q 011000062318412359SALUTE                                  AV TOCANTINS                            NOVO HORIZONTE 68503660MARABA         PA2035812309000160SALUTE                                  000                            
75600055         00000400000000000000000006500000000000000000000000000000000000000000000000000000000000000000000000                                                                                                                             
75699999         000005000021000000                                                                                                                                                                                                             