75600000         235812309000160                    04609400000000793400SALUTE                        SICOOB                                  10207202014303800000108100000                                                                     
75600011R01  040 2035812309000160                    0460940000000079340 SALUTE                                                                                                        000000010207202000000000                                 
7560001300001P 010460940000000079340 001118533301014     10 221000000000000000207202000000000000100000000 32A02072020000000000000000000000000000000000000000000000000000000000000000000000000000000dadsadsd                 3000   090000000000 
7560001300002Q 011000000000000000SALUTE                                  AV TOCANTINS                            NOVO HORIZONTE 68503660MARABA         PA2035812309000160SALUTE                                  000                            
75600015         00000400000000000000000001000000000000000000000000000000000000000000000000000000000000000000000000                                                                                                                             
75699999         000001000005000000                                                                                                                                                                                                             