75600000         235812309000160                    04609400000000793400SALUTE                        SICOOB                                  13006202008080600000108100000                                                                     
75600011R01  040 2035812309000160                    0460940000000079340 SALUTE                                                                                                        000000013006202000000000                                 
7560001300001P 010460940000000079340 001117214901014     10 221000000000000003006202000000000000650000000 32A30062020000000000000000000000000000000000000000000000000000000000000000000000000000000TESTE CNAB               3000   090000000000 
7560001300002Q 011000044262734048SALUTE                                  AV TOCANTINS                            NOVO HORIZONTE 68503660MARABA         PA2035812309000160SALUTE                                  000                            
7560001300003P 010460940000000079340 001117211701014     10 223000000000000003006202000000000000650000000 32A30062020000000000000000000000000000000000000000000000000000000000000000000000000000000TESTE CNAB               3000   090000000000 
7560001300004Q 011000044262734048SALUTE                                  AV TOCANTINS                            NOVO HORIZONTE 68503660MARABA         PA2035812309000160SALUTE                                  000                            
7560001300005P 010460940000000079340 001117212401014     10 225000000000000003006202000000000000650000000 32A30062020000000000000000000000000000000000000000000000000000000000000000000000000000000TESTE CNAB               3000   090000000000 
7560001300006Q 011000044262734048SALUTE                                  AV TOCANTINS                            NOVO HORIZONTE 68503660MARABA         PA2035812309000160SALUTE                                  000                            
75600015         00000800000000000000000019500000000000000000000000000000000000000000000000000000000000000000000000                                                                                                                             
75699999         000001000013000000                                                                                                                                                                                                             