75600000         235812309000160                    04609400000000793400SALUTE                        SICOOB                                  12306202011194900000108100000                                                                     
75600011R01  040 2035812309000160                    0460940000000079340 SALUTE                                                                                                        000000012306202000000000                                 
7560001300001P 010460940000000079340 001117222801014     10 221000000000000002106202000000000000000000000 32A23062020000000000000000000000000000000000000000000000000000000000000000000000000000000GEOGLANIA MELO FELIX     3000   090000000000 
7560001300002Q 011000097862738268SALUTE                                  AV TOCANTINS                            NOVO HORIZONTE 68503660MARABA         PA2035812309000160SALUTE                                  000                            
7560001300003P 010460940000000079340 001117241801014     10 223000000000000002106202000000000000000000000 32A23062020000000000000000000000000000000000000000000000000000000000000000000000000000000DAVID GOMES DOS SANTOS   3000   090000000000 
7560001300004Q 011000092006175220SALUTE                                  AV TOCANTINS                            NOVO HORIZONTE 68503660MARABA         PA2035812309000160SALUTE                                  000                            
7560001300005P 010460940000000079340 001117237801014     10 225000000000000002106202000000000000000000000 32A23062020000000000000000000000000000000000000000000000000000000000000000000000000000000VERILENE DE LIMA SOUSA OL3000   090000000000 
7560001300006Q 011000058938508234SALUTE                                  AV TOCANTINS                            NOVO HORIZONTE 68503660MARABA         PA2035812309000160SALUTE                                  000                            
7560001300007P 010460940000000079340 001117263001014     10 227000000000000002106202000000000000000000000 32A23062020000000000000000000000000000000000000000000000000000000000000000000000000000000JOAO VITOR LIANDRO DOS SA3000   090000000000 
7560001300008Q 011000090337034249SALUTE                                  AV TOCANTINS                            NOVO HORIZONTE 68503660MARABA         PA2035812309000160SALUTE                                  000                            
7560001300009P 010460940000000079340 001117279701014     10 229000000000000002106202000000000000000000000 32A23062020000000000000000000000000000000000000000000000000000000000000000000000000000000MAIZA DE OLIVEIRA SILVA A3000   090000000000 
7560001300010Q 011000028464691807SALUTE                                  AV TOCANTINS                            NOVO HORIZONTE 68503660MARABA         PA2035812309000160SALUTE                                  000                            
7560001300011P 010460940000000079340 001117246401014     10 221100000000000002106202000000000000000000000 32A23062020000000000000000000000000000000000000000000000000000000000000000000000000000000LUANA PAMELA SOARES DA SI3000   090000000000 
7560001300012Q 011000002888004275SALUTE                                  AV TOCANTINS                            NOVO HORIZONTE 68503660MARABA         PA2035812309000160SALUTE                                  000                            
7560001300013P 010460940000000079340 001117223501014     10 221300000000000002106202000000000000000000000 32A23062020000000000000000000000000000000000000000000000000000000000000000000000000000000WILMA FERREIRA MEIRELES  3000   090000000000 
7560001300014Q 011000072759097234SALUTE                                  AV TOCANTINS                            NOVO HORIZONTE 68503660MARABA         PA2035812309000160SALUTE                                  000                            
7560001300015P 010460940000000079340 001117236001014     10 221500000000000002106202000000000000000000000 32A23062020000000000000000000000000000000000000000000000000000000000000000000000000000000IVANA MARINHO PORTELA    3000   090000000000 
7560001300016Q 011000067134548287SALUTE                                  AV TOCANTINS                            NOVO HORIZONTE 68503660MARABA         PA2035812309000160SALUTE                                  000                            
7560001300017P 010460940000000079340 001117261501014     10 221700000000000002106202000000000000000000000 32A23062020000000000000000000000000000000000000000000000000000000000000000000000000000000GEOGLANIA MELO FELIX     3000   090000000000 
7560001300018Q 011000097862738268SALUTE                                  AV TOCANTINS                            NOVO HORIZONTE 68503660MARABA         PA2035812309000160SALUTE                                  000                            
7560001300019P 010460940000000079340 001117233901014     10 221900000000000002106202000000000000000000000 32A23062020000000000000000000000000000000000000000000000000000000000000000000000000000000ELLEM DOMINICK PHILOCREAO3000   090000000000 
7560001300020Q 011000099190575253SALUTE                                  AV TOCANTINS                            NOVO HORIZONTE 68503660MARABA         PA2035812309000160SALUTE                                  000                            
7560001300021P 010460940000000079340 001117234601014     10 222100000000000002106202000000000000000000000 32A23062020000000000000000000000000000000000000000000000000000000000000000000000000000000SAMARA RAIOL ASSUNCAO RIB3000   090000000000 
7560001300022Q 011000000610907271SALUTE                                  AV TOCANTINS                            NOVO HORIZONTE 68503660MARABA         PA2035812309000160SALUTE                                  000                            
7560001300023P 010460940000000079340 001117238501014     10 222300000000000002106202000000000000000000000 32A23062020000000000000000000000000000000000000000000000000000000000000000000000000000000LAYANNI MEIRE DA SILVA PO3000   090000000000 
7560001300024Q 011000003473117250SALUTE                                  AV TOCANTINS                            NOVO HORIZONTE 68503660MARABA         PA2035812309000160SALUTE                                  000                            
7560001300025P 010460940000000079340 001117271901014     10 222500000000000002106202000000000000000000000 32A23062020000000000000000000000000000000000000000000000000000000000000000000000000000000MARCIA INACIO DA SILVA OL3000   090000000000 
7560001300026Q 011000005813213830SALUTE                                  AV TOCANTINS                            NOVO HORIZONTE 68503660MARABA         PA2035812309000160SALUTE                                  000                            
7560001300027P 010460940000000079340 001117230701014     10 222700000000000002106202000000000000000000000 32A23062020000000000000000000000000000000000000000000000000000000000000000000000000000000FRANCILENE NONATA DOS SAN3000   090000000000 
7560001300028Q 011000000360381308SALUTE                                  AV TOCANTINS                            NOVO HORIZONTE 68503660MARABA         PA2035812309000160SALUTE                                  000                            
7560001300029P 010460940000000079340 001117265401014     10 222900000000000002106202000000000000000000000 32A23062020000000000000000000000000000000000000000000000000000000000000000000000000000000RITHELLY DE OLIVEIRA BERN3000   090000000000 
7560001300030Q 011000003285771208SALUTE                                  AV TOCANTINS                            NOVO HORIZONTE 68503660MARABA         PA2035812309000160SALUTE                                  000                            
7560001300031P 010460940000000079340 001117266101014     10 223100000000000002106202000000000000000000000 32A23062020000000000000000000000000000000000000000000000000000000000000000000000000000000AIRTON MATOS FERREIRA    3000   090000000000 
7560001300032Q 011000001817096273SALUTE                                  AV TOCANTINS                            NOVO HORIZONTE 68503660MARABA         PA2035812309000160SALUTE                                  000                            
7560001300033P 010460940000000079340 001117262201014     10 223300000000000002106202000000000000000000000 32A23062020000000000000000000000000000000000000000000000000000000000000000000000000000000WILMA FERREIRA MEIRELES  3000   090000000000 
7560001300034Q 011000072759097234SALUTE                                  AV TOCANTINS                            NOVO HORIZONTE 68503660MARABA         PA2035812309000160SALUTE                                  000                            
7560001300035P 010460940000000079340 001117285101014     10 223500000000000002106202000000000000000000000 32A23062020000000000000000000000000000000000000000000000000000000000000000000000000000000LUANA PAMELA SOARES DA SI3000   090000000000 
7560001300036Q 011000002888004275SALUTE                                  AV TOCANTINS                            NOVO HORIZONTE 68503660MARABA         PA2035812309000160SALUTE                                  000                            
7560001300037P 010460940000000079340 001117240001014     10 223700000000000002106202000000000000000000000 32A23062020000000000000000000000000000000000000000000000000000000000000000000000000000000MAIZA DE OLIVEIRA SILVA A3000   090000000000 
7560001300038Q 011000028464691807SALUTE                                  AV TOCANTINS                            NOVO HORIZONTE 68503660MARABA         PA2035812309000160SALUTE                                  000                            
7560001300039P 010460940000000079340 001117228101014     10 223900000000000002106202000000000000000000000 32A23062020000000000000000000000000000000000000000000000000000000000000000000000000000000DAIANA SILVA DE SOUZA    3000   090000000000 
7560001300040Q 011000087974037253SALUTE                                  AV TOCANTINS                            NOVO HORIZONTE 68503660MARABA         PA2035812309000160SALUTE                                  000                            
7560001300041P 010460940000000079340 001117270101014     10 224100000000000002106202000000000000000000000 32A23062020000000000000000000000000000000000000000000000000000000000000000000000000000000CLAUDIO LOPES MARCAL     3000   090000000000 
7560001300042Q 011000035576022149SALUTE                                  AV TOCANTINS                            NOVO HORIZONTE 68503660MARABA         PA2035812309000160SALUTE                                  000                            
7560001300043P 010460940000000079340 001117247101014     10 224300000000000002106202000000000000000000000 32A23062020000000000000000000000000000000000000000000000000000000000000000000000000000000GABRIELLY DE JESUS ALMEID3000   090000000000 
7560001300044Q 011000002021026299SALUTE                                  AV TOCANTINS                            NOVO HORIZONTE 68503660MARABA         PA2035812309000160SALUTE                                  000                            
7560001300045P 010460940000000079340 001117245701014     10 224500000000000002106202000000000000000000000 32A23062020000000000000000000000000000000000000000000000000000000000000000000000000000000PEDRO HENRIQUE FONTES SAN3000   090000000000 
7560001300046Q 011000003484258217SALUTE                                  AV TOCANTINS                            NOVO HORIZONTE 68503660MARABA         PA2035812309000160SALUTE                                  000                            
7560001300047P 010460940000000079340 001117235301014     10 224700000000000002106202000000000000000000000 32A23062020000000000000000000000000000000000000000000000000000000000000000000000000000000AYLAN JARLANIA NOBRE CANT3000   090000000000 
7560001300048Q 011000000121634221SALUTE                                  AV TOCANTINS                            NOVO HORIZONTE 68503660MARABA         PA2035812309000160SALUTE                                  000                            
7560001300049P 010460940000000079340 001117244001014     10 224900000000000002106202000000000000000000000 32A23062020000000000000000000000000000000000000000000000000000000000000000000000000000000MARIA DE JESUS BARRA RODR3000   090000000000 
7560001300050Q 011000074494180297SALUTE                                  AV TOCANTINS                            NOVO HORIZONTE 68503660MARABA         PA2035812309000160SALUTE                                  000                            
7560001300051P 010460940000000079340 001117280501014     10 225100000000000002106202000000000000000000000 32A23062020000000000000000000000000000000000000000000000000000000000000000000000000000000DAVID GOMES DOS SANTOS   3000   090000000000 
7560001300052Q 011000092006175220SALUTE                                  AV TOCANTINS                            NOVO HORIZONTE 68503660MARABA         PA2035812309000160SALUTE                                  000                            
7560001300053P 010460940000000079340 001117273301014     10 225300000000000002106202000000000000000000000 32A23062020000000000000000000000000000000000000000000000000000000000000000000000000000000SAMARA RAIOL ASSUNCAO RIB3000   090000000000 
7560001300054Q 011000000610907271SALUTE                                  AV TOCANTINS                            NOVO HORIZONTE 68503660MARABA         PA2035812309000160SALUTE                                  000                            
7560001300055P 010460940000000079340 001117264701014     10 225500000000000002106202000000000000000000000 32A23062020000000000000000000000000000000000000000000000000000000000000000000000000000000BERNADETE ANDRADE CAVALCA3000   090000000000 
7560001300056Q 011000059142251249SALUTE                                  AV TOCANTINS                            NOVO HORIZONTE 68503660MARABA         PA2035812309000160SALUTE                                  000                            
7560001300057P 010460940000000079340 001117224201014     10 225700000000000002106202000000000000000000000 32A23062020000000000000000000000000000000000000000000000000000000000000000000000000000000JOAO VITOR LIANDRO DOS SA3000   090000000000 
7560001300058Q 011000090337034249SALUTE                                  AV TOCANTINS                            NOVO HORIZONTE 68503660MARABA         PA2035812309000160SALUTE                                  000                            
7560001300059P 010460940000000079340 001117243201014     10 225900000000000002106202000000000000000000000 32A23062020000000000000000000000000000000000000000000000000000000000000000000000000000000CRISTINA RODRIGUES DE AMO3000   090000000000 
7560001300060Q 011000051277620210SALUTE                                  AV TOCANTINS                            NOVO HORIZONTE 68503660MARABA         PA2035812309000160SALUTE                                  000                            
7560001300061P 010460940000000079340 001117231401014     10 226100000000000002106202000000000000000000000 32A23062020000000000000000000000000000000000000000000000000000000000000000000000000000000CLAUDIO LOPES MARCAL     3000   090000000000 
7560001300062Q 011000035576022149SALUTE                                  AV TOCANTINS                            NOVO HORIZONTE 68503660MARABA         PA2035812309000160SALUTE                                  000                            
7560001300063P 010460940000000079340 001117275801014     10 226300000000000002106202000000000000000000000 32A23062020000000000000000000000000000000000000000000000000000000000000000000000000000000IVANA MARINHO PORTELA    3000   090000000000 
7560001300064Q 011000067134548287SALUTE                                  AV TOCANTINS                            NOVO HORIZONTE 68503660MARABA         PA2035812309000160SALUTE                                  000                            
7560001300065P 010460940000000079340 001117239201014     10 226500000000000002106202000000000000000000000 32A23062020000000000000000000000000000000000000000000000000000000000000000000000000000000AGAYLZA ROCHA DA CRUZ DE 3000   090000000000 
7560001300066Q 011000073128830282SALUTE                                  AV TOCANTINS                            NOVO HORIZONTE 68503660MARABA         PA2035812309000160SALUTE                                  000                            
7560001300067P 010460940000000079340 001117277201014     10 226700000000000002106202000000000000000000000 32A23062020000000000000000000000000000000000000000000000000000000000000000000000000000000LAYANNI MEIRE DA SILVA PO3000   090000000000 
7560001300068Q 011000003473117250SALUTE                                  AV TOCANTINS                            NOVO HORIZONTE 68503660MARABA         PA2035812309000160SALUTE                                  000                            
7560001300069P 010460940000000079340 001117281201014     10 226900000000000002106202000000000000000000000 32A23062020000000000000000000000000000000000000000000000000000000000000000000000000000000ROSILENE PINHO DE SOUZA D3000   090000000000 
7560001300070Q 011000057357196291SALUTE                                  AV TOCANTINS                            NOVO HORIZONTE 68503660MARABA         PA2035812309000160SALUTE                                  000                            
7560001300071P 010460940000000079340 001117276501014     10 227100000000000002106202000000000000000000000 32A23062020000000000000000000000000000000000000000000000000000000000000000000000000000000VERILENE DE LIMA SOUSA OL3000   090000000000 
7560001300072Q 011000058938508234SALUTE                                  AV TOCANTINS                            NOVO HORIZONTE 68503660MARABA         PA2035812309000160SALUTE                                  000                            
7560001300073P 010460940000000079340 001117278001014     10 227300000000000002106202000000000000000000000 32A23062020000000000000000000000000000000000000000000000000000000000000000000000000000000AGAYLZA ROCHA DA CRUZ DE 3000   090000000000 
7560001300074Q 011000073128830282SALUTE                                  AV TOCANTINS                            NOVO HORIZONTE 68503660MARABA         PA2035812309000160SALUTE                                  000                            
7560001300075P 010460940000000079340 001117269301014     10 227500000000000002106202000000000000000000000 32A23062020000000000000000000000000000000000000000000000000000000000000000000000000000000FRANCILENE NONATA DOS SAN3000   090000000000 
7560001300076Q 011000000360381308SALUTE                                  AV TOCANTINS                            NOVO HORIZONTE 68503660MARABA         PA2035812309000160SALUTE                                  000                            
7560001300077P 010460940000000079340 001117229901014     10 227700000000000002106202000000000000000000000 32A23062020000000000000000000000000000000000000000000000000000000000000000000000000000000EDER SOUZA LOURENCO      3000   090000000000 
7560001300078Q 011000086150502287SALUTE                                  AV TOCANTINS                            NOVO HORIZONTE 68503660MARABA         PA2035812309000160SALUTE                                  000                            
7560001300079P 010460940000000079340 001117242501014     10 227900000000000002106202000000000000000000000 32A23062020000000000000000000000000000000000000000000000000000000000000000000000000000000ROSILENE PINHO DE SOUZA D3000   090000000000 
7560001300080Q 011000057357196291SALUTE                                  AV TOCANTINS                            NOVO HORIZONTE 68503660MARABA         PA2035812309000160SALUTE                                  000                            
7560001300081P 010460940000000079340 001117227401014     10 228100000000000002106202000000000000000000000 32A23062020000000000000000000000000000000000000000000000000000000000000000000000000000000AIRTON MATOS FERREIRA    3000   090000000000 
7560001300082Q 011000001817096273SALUTE                                  AV TOCANTINS                            NOVO HORIZONTE 68503660MARABA         PA2035812309000160SALUTE                                  000                            
7560001300083P 010460940000000079340 001117274001014     10 228300000000000002106202000000000000000000000 32A23062020000000000000000000000000000000000000000000000000000000000000000000000000000000AYLAN JARLANIA NOBRE CANT3000   090000000000 
7560001300084Q 011000000121634221SALUTE                                  AV TOCANTINS                            NOVO HORIZONTE 68503660MARABA         PA2035812309000160SALUTE                                  000                            
7560001300085P 010460940000000079340 001117268601014     10 228500000000000002106202000000000000000000000 32A23062020000000000000000000000000000000000000000000000000000000000000000000000000000000EDER SOUZA LOURENCO      3000   090000000000 
7560001300086Q 011000086150502287SALUTE                                  AV TOCANTINS                            NOVO HORIZONTE 68503660MARABA         PA2035812309000160SALUTE                                  000                            
7560001300087P 010460940000000079340 001117282001014     10 228700000000000002106202000000000000000000000 32A23062020000000000000000000000000000000000000000000000000000000000000000000000000000000CRISTINA RODRIGUES DE AMO3000   090000000000 
7560001300088Q 011000051277620210SALUTE                                  AV TOCANTINS                            NOVO HORIZONTE 68503660MARABA         PA2035812309000160SALUTE                                  000                            
7560001300089P 010460940000000079340 001117283701014     10 228900000000000002106202000000000000000000000 32A23062020000000000000000000000000000000000000000000000000000000000000000000000000000000MARIA DE JESUS BARRA RODR3000   090000000000 
7560001300090Q 011000074494180297SALUTE                                  AV TOCANTINS                            NOVO HORIZONTE 68503660MARABA         PA2035812309000160SALUTE                                  000                            
7560001300091P 010460940000000079340 001117284401014     10 229100000000000002106202000000000000000000000 32A23062020000000000000000000000000000000000000000000000000000000000000000000000000000000PEDRO HENRIQUE FONTES SAN3000   090000000000 
7560001300092Q 011000003484258217SALUTE                                  AV TOCANTINS                            NOVO HORIZONTE 68503660MARABA         PA2035812309000160SALUTE                                  000                            
7560001300093P 010460940000000079340 001117226701014     10 229300000000000002106202000000000000000000000 32A23062020000000000000000000000000000000000000000000000000000000000000000000000000000000RITHELLY DE OLIVEIRA BERN3000   090000000000 
7560001300094Q 011000003285771208SALUTE                                  AV TOCANTINS                            NOVO HORIZONTE 68503660MARABA         PA2035812309000160SALUTE                                  000                            
7560001300095P 010460940000000079340 001117232101014     10 229500000000000002106202000000000000000000000 32A23062020000000000000000000000000000000000000000000000000000000000000000000000000000000MARCIA INACIO DA SILVA OL3000   090000000000 
7560001300096Q 011000005813213830SALUTE                                  AV TOCANTINS                            NOVO HORIZONTE 68503660MARABA         PA2035812309000160SALUTE                                  000                            
7560001300097P 010460940000000079340 001117225001014     10 229700000000000002106202000000000000000000000 32A23062020000000000000000000000000000000000000000000000000000000000000000000000000000000BERNADETE ANDRADE CAVALCA3000   090000000000 
7560001300098Q 011000059142251249SALUTE                                  AV TOCANTINS                            NOVO HORIZONTE 68503660MARABA         PA2035812309000160SALUTE                                  000                            
7560001300099P 010460940000000079340 001117267901014     10 229900000000000002106202000000000000000000000 32A23062020000000000000000000000000000000000000000000000000000000000000000000000000000000DAIANA SILVA DE SOUZA    3000   090000000000 
7560001300100Q 011000087974037253SALUTE                                  AV TOCANTINS                            NOVO HORIZONTE 68503660MARABA         PA2035812309000160SALUTE                                  000                            
7560001300101P 010460940000000079340 001117286901014     10 221010000000000002106202000000000000000000000 32A23062020000000000000000000000000000000000000000000000000000000000000000000000000000000GABRIELLY DE JESUS ALMEID3000   090000000000 
7560001300102Q 011000002021026299SALUTE                                  AV TOCANTINS                            NOVO HORIZONTE 68503660MARABA         PA2035812309000160SALUTE                                  000                            
7560001300103P 010460940000000079340 001117272601014     10 221030000000000002106202000000000000000000000 32A23062020000000000000000000000000000000000000000000000000000000000000000000000000000000ELLEM DOMINICK PHILOCREAO3000   090000000000 
7560001300104Q 011000099190575253SALUTE                                  AV TOCANTINS                            NOVO HORIZONTE 68503660MARABA         PA2035812309000160SALUTE                                  000                            
7560001300105P 010460940000000079340 001117197801014     10 221050000000000002206202000000000000650000000 32A23062020000000000000000000000000000000000000000000000000000000000000000000000000000000teste CNAB               3000   090000000000 
7560001300106Q 011000062318412359SALUTE                                  AV TOCANTINS                            NOVO HORIZONTE 68503660MARABA         PA2035812309000160SALUTE                                  000                            
75600015         00010800000000000000000006500000000000000000000000000000000000000000000000000000000000000000000000                                                                                                                             
75699999         000001000213000000                                                                                                                                                                                                             