75600000         235812309000160                    04609000000000793400SALUTE ATIVIDADES DE INTERMEDISICOOB                                  21007202012075600000308500000                                                                     
75600011T01  043 2035812309000160          460900000804609000000000793400SALUTE ATIVIDADES DE INTERMEDI                                                                                000000001007202000000000                                 
7560001300001T 0204609000000000793400001119180101014     190000000000000010082020000000000006500756046090CARLOS ANTONIO DE OLIVEIR091000038723182172SALUTE                                  000000000000000000000000000000000A4                 
7560001300002U 020000000000000000000000000000000000000000000000000000000000000000000000000000000000000000000000000000000000000000000000001007202000000000    00000000000000000000000                              75600000000000000000000       
7560001300003T 0204609000000000793400001119181901014     113000000000000010092020000000000006500756046090CARLOS ANTONIO DE OLIVEIR091000038723182172SALUTE                                  000000000000000000000000000000000A4                 
7560001300004U 020000000000000000000000000000000000000000000000000000000000000000000000000000000000000000000000000000000000000000000000001007202000000000    00000000000000000000000                              75600000000000000000000       
7560001300005T 0204609000000000793400001119182601014     125000000000000010102020000000000006500756046090CARLOS ANTONIO DE OLIVEIR091000038723182172SALUTE                                  000000000000000000000000000000000A4                 
7560001300006U 020000000000000000000000000000000000000000000000000000000000000000000000000000000000000000000000000000000000000000000000001007202000000000    00000000000000000000000                              75600000000000000000000       
7560001300007T 0204609000000000793400001119183301014     141000000000000010112020000000000006500756046090CARLOS ANTONIO DE OLIVEIR091000038723182172SALUTE                                  000000000000000000000000000000000A4                 
7560001300008U 020000000000000000000000000000000000000000000000000000000000000000000000000000000000000000000000000000000000000000000000001007202000000000    00000000000000000000000                              75600000000000000000000       
7560001300009T 0204609000000000793400001119184001014     149000000000000010122020000000000006500756046090CARLOS ANTONIO DE OLIVEIR091000038723182172SALUTE                                  000000000000000000000000000000000A4                 
7560001300010U 020000000000000000000000000000000000000000000000000000000000000000000000000000000000000000000000000000000000000000000000001007202000000000    00000000000000000000000                              75600000000000000000000       
7560001300011T 0204609000000000793400001119185801014     171000000000000010012021000000000006500756046090CARLOS ANTONIO DE OLIVEIR091000038723182172SALUTE                                  000000000000000000000000000000000A4                 
7560001300012U 020000000000000000000000000000000000000000000000000000000000000000000000000000000000000000000000000000000000000000000000001007202000000000    00000000000000000000000                              75600000000000000000000       
7560001300013T 0204609000000000793400001119186501014     181000000000000010022021000000000006500756046090CARLOS ANTONIO DE OLIVEIR091000038723182172SALUTE                                  000000000000000000000000000000000A4                 
7560001300014U 020000000000000000000000000000000000000000000000000000000000000000000000000000000000000000000000000000000000000000000000001007202000000000    00000000000000000000000                              75600000000000000000000       
7560001300015T 0204609000000000793400001119187201014     185000000000000010032021000000000006500756046090CARLOS ANTONIO DE OLIVEIR091000038723182172SALUTE                                  000000000000000000000000000000000A4                 
7560001300016U 020000000000000000000000000000000000000000000000000000000000000000000000000000000000000000000000000000000000000000000000001007202000000000    00000000000000000000000                              75600000000000000000000       
7560001300017T 0204609000000000793400001119188001014     197000000000000010042021000000000006500756046090CARLOS ANTONIO DE OLIVEIR091000038723182172SALUTE                                  000000000000000000000000000000000A4                 
7560001300018U 020000000000000000000000000000000000000000000000000000000000000000000000000000000000000000000000000000000000000000000000001007202000000000    00000000000000000000000                              75600000000000000000000       
7560001300019T 0204609000000000793400001119189701014     111500000000000010052021000000000006500756046090CARLOS ANTONIO DE OLIVEIR091000038723182172SALUTE                                  000000000000000000000000000000000A4                 
7560001300020U 020000000000000000000000000000000000000000000000000000000000000000000000000000000000000000000000000000000000000000000000001007202000000000    00000000000000000000000                              75600000000000000000000       
7560001300021T 0204609000000000793400001119190501014     112300000000000010062021000000000006500756046090CARLOS ANTONIO DE OLIVEIR091000038723182172SALUTE                                  000000000000000000000000000000000A4                 
7560001300022U 020000000000000000000000000000000000000000000000000000000000000000000000000000000000000000000000000000000000000000000000001007202000000000    00000000000000000000000                              75600000000000000000000       
7560001300023T 0204609000000000793400001119191201014     113500000000000010072021000000000006500756046090CARLOS ANTONIO DE OLIVEIR091000038723182172SALUTE                                  000000000000000000000000000000000A4                 
7560001300024U 020000000000000000000000000000000000000000000000000000000000000000000000000000000000000000000000000000000000000000000000001007202000000000    00000000000000000000000                              75600000000000000000000       
7560001300025T 0204609000000000793400001119193701014     111000000000000010082020000000000006500756046090ANDRESA PEREIRA DA SILVA 091000056351518253SALUTE                                  000000000000000000000000000000000A4                 
7560001300026U 020000000000000000000000000000000000000000000000000000000000000000000000000000000000000000000000000000000000000000000000001007202000000000    00000000000000000000000                              75600000000000000000000       
7560001300027T 0204609000000000793400001119194401014     119000000000000010092020000000000006500756046090ANDRESA PEREIRA DA SILVA 091000056351518253SALUTE                                  000000000000000000000000000000000A4                 
7560001300028U 020000000000000000000000000000000000000000000000000000000000000000000000000000000000000000000000000000000000000000000000001007202000000000    00000000000000000000000                              75600000000000000000000       
7560001300029T 0204609000000000793400001119195101014     133000000000000010102020000000000006500756046090ANDRESA PEREIRA DA SILVA 091000056351518253SALUTE                                  000000000000000000000000000000000A4                 
7560001300030U 020000000000000000000000000000000000000000000000000000000000000000000000000000000000000000000000000000000000000000000000001007202000000000    00000000000000000000000                              75600000000000000000000       
7560001300031T 0204609000000000793400001119196901014     145000000000000010112020000000000006500756046090ANDRESA PEREIRA DA SILVA 091000056351518253SALUTE                                  000000000000000000000000000000000A4                 
7560001300032U 020000000000000000000000000000000000000000000000000000000000000000000000000000000000000000000000000000000000000000000000001007202000000000    00000000000000000000000                              75600000000000000000000       
7560001300033T 0204609000000000793400001119197601014     153000000000000010122020000000000006500756046090ANDRESA PEREIRA DA SILVA 091000056351518253SALUTE                                  000000000000000000000000000000000A4                 
7560001300034U 020000000000000000000000000000000000000000000000000000000000000000000000000000000000000000000000000000000000000000000000001007202000000000    00000000000000000000000                              75600000000000000000000       
7560001300035T 0204609000000000793400001119198301014     161000000000000010012021000000000006500756046090ANDRESA PEREIRA DA SILVA 091000056351518253SALUTE                                  000000000000000000000000000000000A4                 
7560001300036U 020000000000000000000000000000000000000000000000000000000000000000000000000000000000000000000000000000000000000000000000001007202000000000    00000000000000000000000                              75600000000000000000000       
7560001300037T 0204609000000000793400001119199001014     173000000000000010022021000000000006500756046090ANDRESA PEREIRA DA SILVA 091000056351518253SALUTE                                  000000000000000000000000000000000A4                 
7560001300038U 020000000000000000000000000000000000000000000000000000000000000000000000000000000000000000000000000000000000000000000000001007202000000000    00000000000000000000000                              75600000000000000000000       
7560001300039T 0204609000000000793400001119200401014     195000000000000010032021000000000006500756046090ANDRESA PEREIRA DA SILVA 091000056351518253SALUTE                                  000000000000000000000000000000000A4                 
7560001300040U 020000000000000000000000000000000000000000000000000000000000000000000000000000000000000000000000000000000000000000000000001007202000000000    00000000000000000000000                              75600000000000000000000       
7560001300041T 0204609000000000793400001119201101014     110700000000000010042021000000000006500756046090ANDRESA PEREIRA DA SILVA 091000056351518253SALUTE                                  000000000000000000000000000000000A4                 
7560001300042U 020000000000000000000000000000000000000000000000000000000000000000000000000000000000000000000000000000000000000000000000001007202000000000    00000000000000000000000                              75600000000000000000000       
7560001300043T 0204609000000000793400001119202901014     111700000000000010052021000000000006500756046090ANDRESA PEREIRA DA SILVA 091000056351518253SALUTE                                  000000000000000000000000000000000A4                 
7560001300044U 020000000000000000000000000000000000000000000000000000000000000000000000000000000000000000000000000000000000000000000000001007202000000000    00000000000000000000000                              75600000000000000000000       
7560001300045T 0204609000000000793400001119203601014     113100000000000010062021000000000006500756046090ANDRESA PEREIRA DA SILVA 091000056351518253SALUTE                                  000000000000000000000000000000000A4                 
7560001300046U 020000000000000000000000000000000000000000000000000000000000000000000000000000000000000000000000000000000000000000000000001007202000000000    00000000000000000000000                              75600000000000000000000       
7560001300047T 0204609000000000793400001119204301014     114100000000000010072021000000000006500756046090ANDRESA PEREIRA DA SILVA 091000056351518253SALUTE                                  000000000000000000000000000000000A4                 
7560001300048U 020000000000000000000000000000000000000000000000000000000000000000000000000000000000000000000000000000000000000000000000001007202000000000    00000000000000000000000                              75600000000000000000000       
7560001300049T 0204609000000000793400001119206801014     170000000000000010082020000000000006500756046090ROSANGELA DO CARMO MAGALH091000041127420291SALUTE                                  000000000000000000000000000000000A4                 
7560001300050U 020000000000000000000000000000000000000000000000000000000000000000000000000000000000000000000000000000000000000000000000001007202000000000    00000000000000000000000                              75600000000000000000000       
7560001300051T 0204609000000000793400001119207501014     115000000000000010092020000000000006500756046090ROSANGELA DO CARMO MAGALH091000041127420291SALUTE                                  000000000000000000000000000000000A4                 
7560001300052U 020000000000000000000000000000000000000000000000000000000000000000000000000000000000000000000000000000000000000000000000001007202000000000    00000000000000000000000                              75600000000000000000000       
7560001300053T 0204609000000000793400001119208201014     127000000000000010102020000000000006500756046090ROSANGELA DO CARMO MAGALH091000041127420291SALUTE                                  000000000000000000000000000000000A4                 
7560001300054U 020000000000000000000000000000000000000000000000000000000000000000000000000000000000000000000000000000000000000000000000001007202000000000    00000000000000000000000                              75600000000000000000000       
7560001300055T 0204609000000000793400001119209001014     143000000000000010112020000000000006500756046090ROSANGELA DO CARMO MAGALH091000041127420291SALUTE                                  000000000000000000000000000000000A4                 
7560001300056U 020000000000000000000000000000000000000000000000000000000000000000000000000000000000000000000000000000000000000000000000001007202000000000    00000000000000000000000                              75600000000000000000000       
7560001300057T 0204609000000000793400001119210801014     159000000000000010122020000000000006500756046090ROSANGELA DO CARMO MAGALH091000041127420291SALUTE                                  000000000000000000000000000000000A4                 
7560001300058U 020000000000000000000000000000000000000000000000000000000000000000000000000000000000000000000000000000000000000000000000001007202000000000    00000000000000000000000                              75600000000000000000000       
7560001300059T 0204609000000000793400001119211501014     165000000000000010012021000000000006500756046090ROSANGELA DO CARMO MAGALH091000041127420291SALUTE                                  000000000000000000000000000000000A4                 
7560001300060U 020000000000000000000000000000000000000000000000000000000000000000000000000000000000000000000000000000000000000000000000001007202000000000    00000000000000000000000                              75600000000000000000000       
7560001300061T 0204609000000000793400001119212201014     177000000000000010022021000000000006500756046090ROSANGELA DO CARMO MAGALH091000041127420291SALUTE                                  000000000000000000000000000000000A4                 
7560001300062U 020000000000000000000000000000000000000000000000000000000000000000000000000000000000000000000000000000000000000000000000001007202000000000    00000000000000000000000                              75600000000000000000000       
7560001300063T 0204609000000000793400001119213001014     189000000000000010032021000000000006500756046090ROSANGELA DO CARMO MAGALH091000041127420291SALUTE                                  000000000000000000000000000000000A4                 
7560001300064U 020000000000000000000000000000000000000000000000000000000000000000000000000000000000000000000000000000000000000000000000001007202000000000    00000000000000000000000                              75600000000000000000000       
7560001300065T 0204609000000000793400001119214701014     110500000000000010042021000000000006500756046090ROSANGELA DO CARMO MAGALH091000041127420291SALUTE                                  000000000000000000000000000000000A4                 
7560001300066U 020000000000000000000000000000000000000000000000000000000000000000000000000000000000000000000000000000000000000000000000001007202000000000    00000000000000000000000                              75600000000000000000000       
7560001300067T 0204609000000000793400001119215401014     110900000000000010052021000000000006500756046090ROSANGELA DO CARMO MAGALH091000041127420291SALUTE                                  000000000000000000000000000000000A4                 
7560001300068U 020000000000000000000000000000000000000000000000000000000000000000000000000000000000000000000000000000000000000000000000001007202000000000    00000000000000000000000                              75600000000000000000000       
7560001300069T 0204609000000000793400001119216101014     112100000000000010062021000000000006500756046090ROSANGELA DO CARMO MAGALH091000041127420291SALUTE                                  000000000000000000000000000000000A4                 
7560001300070U 020000000000000000000000000000000000000000000000000000000000000000000000000000000000000000000000000000000000000000000000001007202000000000    00000000000000000000000                              75600000000000000000000       
7560001300071T 0204609000000000793400001119217901014     114300000000000010072021000000000006500756046090ROSANGELA DO CARMO MAGALH091000041127420291SALUTE                                  000000000000000000000000000000000A4                 
7560001300072U 020000000000000000000000000000000000000000000000000000000000000000000000000000000000000000000000000000000000000000000000001007202000000000    00000000000000000000000                              75600000000000000000000       
7560001300073T 0204609000000000793400001119219301014     150000000000000010082020000000000006500756046090ADIVAN DE JESUS CUNHA    091000047834587749SALUTE                                  000000000000000000000000000000000A4                 
7560001300074U 020000000000000000000000000000000000000000000000000000000000000000000000000000000000000000000000000000000000000000000000001007202000000000    00000000000000000000000                              75600000000000000000000       
7560001300075T 0204609000000000793400001119220101014     121000000000000010092020000000000006500756046090ADIVAN DE JESUS CUNHA    091000047834587749SALUTE                                  000000000000000000000000000000000A4                 
7560001300076U 020000000000000000000000000000000000000000000000000000000000000000000000000000000000000000000000000000000000000000000000001007202000000000    00000000000000000000000                              75600000000000000000000       
7560001300077T 0204609000000000793400001119221901014     135000000000000010102020000000000006500756046090ADIVAN DE JESUS CUNHA    091000047834587749SALUTE                                  000000000000000000000000000000000A4                 
7560001300078U 020000000000000000000000000000000000000000000000000000000000000000000000000000000000000000000000000000000000000000000000001007202000000000    00000000000000000000000                              75600000000000000000000       
7560001300079T 0204609000000000793400001119222601014     139000000000000010112020000000000006500756046090ADIVAN DE JESUS CUNHA    091000047834587749SALUTE                                  000000000000000000000000000000000A4                 
7560001300080U 020000000000000000000000000000000000000000000000000000000000000000000000000000000000000000000000000000000000000000000000001007202000000000    00000000000000000000000                              75600000000000000000000       
7560001300081T 0204609000000000793400001119223301014     151000000000000010122020000000000006500756046090ADIVAN DE JESUS CUNHA    091000047834587749SALUTE                                  000000000000000000000000000000000A4                 
7560001300082U 020000000000000000000000000000000000000000000000000000000000000000000000000000000000000000000000000000000000000000000000001007202000000000    00000000000000000000000                              75600000000000000000000       
7560001300083T 0204609000000000793400001119224001014     169000000000000010012021000000000006500756046090ADIVAN DE JESUS CUNHA    091000047834587749SALUTE                                  000000000000000000000000000000000A4                 
7560001300084U 020000000000000000000000000000000000000000000000000000000000000000000000000000000000000000000000000000000000000000000000001007202000000000    00000000000000000000000                              75600000000000000000000       
7560001300085T 0204609000000000793400001119225801014     179000000000000010022021000000000006500756046090ADIVAN DE JESUS CUNHA    091000047834587749SALUTE                                  000000000000000000000000000000000A4                 
7560001300086U 020000000000000000000000000000000000000000000000000000000000000000000000000000000000000000000000000000000000000000000000001007202000000000    00000000000000000000000                              75600000000000000000000       
7560001300087T 0204609000000000793400001119226501014     191000000000000010032021000000000006500756046090ADIVAN DE JESUS CUNHA    091000047834587749SALUTE                                  000000000000000000000000000000000A4                 
7560001300088U 020000000000000000000000000000000000000000000000000000000000000000000000000000000000000000000000000000000000000000000000001007202000000000    00000000000000000000000                              75600000000000000000000       
7560001300089T 0204609000000000793400001119227201014     110100000000000010042021000000000006500756046090ADIVAN DE JESUS CUNHA    091000047834587749SALUTE                                  000000000000000000000000000000000A4                 
7560001300090U 020000000000000000000000000000000000000000000000000000000000000000000000000000000000000000000000000000000000000000000000001007202000000000    00000000000000000000000                              75600000000000000000000       
7560001300091T 0204609000000000793400001119228001014     111100000000000010052021000000000006500756046090ADIVAN DE JESUS CUNHA    091000047834587749SALUTE                                  000000000000000000000000000000000A4                 
7560001300092U 020000000000000000000000000000000000000000000000000000000000000000000000000000000000000000000000000000000000000000000000001007202000000000    00000000000000000000000                              75600000000000000000000       
7560001300093T 0204609000000000793400001119229701014     112500000000000010062021000000000006500756046090ADIVAN DE JESUS CUNHA    091000047834587749SALUTE                                  000000000000000000000000000000000A4                 
7560001300094U 020000000000000000000000000000000000000000000000000000000000000000000000000000000000000000000000000000000000000000000000001007202000000000    00000000000000000000000                              75600000000000000000000       
7560001300095T 0204609000000000793400001119230501014     113900000000000010072021000000000006500756046090ADIVAN DE JESUS CUNHA    091000047834587749SALUTE                                  000000000000000000000000000000000A4                 
7560001300096U 020000000000000000000000000000000000000000000000000000000000000000000000000000000000000000000000000000000000000000000000001007202000000000    00000000000000000000000                              75600000000000000000000       
7560001300097T 0204609000000000793400001119232001014     130000000000000010082020000000000006500756046090MACILEIDE MATOS DE LIMA  091000071060545268SALUTE                                  000000000000000000000000000000000A4                 
7560001300098U 020000000000000000000000000000000000000000000000000000000000000000000000000000000000000000000000000000000000000000000000001007202000000000    00000000000000000000000                              75600000000000000000000       
7560001300099T 0204609000000000793400001119233701014     123000000000000010092020000000000006500756046090MACILEIDE MATOS DE LIMA  091000071060545268SALUTE                                  000000000000000000000000000000000A4                 
7560001300100U 020000000000000000000000000000000000000000000000000000000000000000000000000000000000000000000000000000000000000000000000001007202000000000    00000000000000000000000                              75600000000000000000000       
7560001300101T 0204609000000000793400001119234401014     131000000000000010102020000000000006500756046090MACILEIDE MATOS DE LIMA  091000071060545268SALUTE                                  000000000000000000000000000000000A4                 
7560001300102U 020000000000000000000000000000000000000000000000000000000000000000000000000000000000000000000000000000000000000000000000001007202000000000    00000000000000000000000                              75600000000000000000000       
7560001300103T 0204609000000000793400001119235101014     137000000000000010112020000000000006500756046090MACILEIDE MATOS DE LIMA  091000071060545268SALUTE                                  000000000000000000000000000000000A4                 
7560001300104U 020000000000000000000000000000000000000000000000000000000000000000000000000000000000000000000000000000000000000000000000001007202000000000    00000000000000000000000                              75600000000000000000000       
7560001300105T 0204609000000000793400001119236901014     157000000000000010122020000000000006500756046090MACILEIDE MATOS DE LIMA  091000071060545268SALUTE                                  000000000000000000000000000000000A4                 
7560001300106U 020000000000000000000000000000000000000000000000000000000000000000000000000000000000000000000000000000000000000000000000001007202000000000    00000000000000000000000                              75600000000000000000000       
7560001300107T 0204609000000000793400001119237601014     163000000000000010012021000000000006500756046090MACILEIDE MATOS DE LIMA  091000071060545268SALUTE                                  000000000000000000000000000000000A4                 
7560001300108U 020000000000000000000000000000000000000000000000000000000000000000000000000000000000000000000000000000000000000000000000001007202000000000    00000000000000000000000                              75600000000000000000000       
7560001300109T 0204609000000000793400001119238301014     183000000000000010022021000000000006500756046090MACILEIDE MATOS DE LIMA  091000071060545268SALUTE                                  000000000000000000000000000000000A4                 
7560001300110U 020000000000000000000000000000000000000000000000000000000000000000000000000000000000000000000000000000000000000000000000001007202000000000    00000000000000000000000                              75600000000000000000000       
7560001300111T 0204609000000000793400001119239001014     187000000000000010032021000000000006500756046090MACILEIDE MATOS DE LIMA  091000071060545268SALUTE                                  000000000000000000000000000000000A4                 
7560001300112U 020000000000000000000000000000000000000000000000000000000000000000000000000000000000000000000000000000000000000000000000001007202000000000    00000000000000000000000                              75600000000000000000000       
7560001300113T 0204609000000000793400001119240901014     110300000000000010042021000000000006500756046090MACILEIDE MATOS DE LIMA  091000071060545268SALUTE                                  000000000000000000000000000000000A4                 
7560001300114U 020000000000000000000000000000000000000000000000000000000000000000000000000000000000000000000000000000000000000000000000001007202000000000    00000000000000000000000                              75600000000000000000000       
7560001300115T 0204609000000000793400001119241601014     111300000000000010052021000000000006500756046090MACILEIDE MATOS DE LIMA  091000071060545268SALUTE                                  000000000000000000000000000000000A4                 
7560001300116U 020000000000000000000000000000000000000000000000000000000000000000000000000000000000000000000000000000000000000000000000001007202000000000    00000000000000000000000                              75600000000000000000000       
7560001300117T 0204609000000000793400001119242301014     112700000000000010062021000000000006500756046090MACILEIDE MATOS DE LIMA  091000071060545268SALUTE                                  000000000000000000000000000000000A4                 
7560001300118U 020000000000000000000000000000000000000000000000000000000000000000000000000000000000000000000000000000000000000000000000001007202000000000    00000000000000000000000                              75600000000000000000000       
7560001300119T 0204609000000000793400001119243001014     113700000000000010072021000000000006500756046090MACILEIDE MATOS DE LIMA  091000071060545268SALUTE                                  000000000000000000000000000000000A4                 
7560001300120U 020000000000000000000000000000000000000000000000000000000000000000000000000000000000000000000000000000000000000000000000001007202000000000    00000000000000000000000                              75600000000000000000000       
7560001300121T 0204609000000000793400001119245501014     110000000000000010082020000000000006500756046090MALENA DE SOUZA MOURA    091000086369300225SALUTE                                  000000000000000000000000000000000A4                 
7560001300122U 020000000000000000000000000000000000000000000000000000000000000000000000000000000000000000000000000000000000000000000000001007202000000000    00000000000000000000000                              75600000000000000000000       
7560001300123T 0204609000000000793400001119246201014     117000000000000010092020000000000006500756046090MALENA DE SOUZA MOURA    091000086369300225SALUTE                                  000000000000000000000000000000000A4                 
7560001300124U 020000000000000000000000000000000000000000000000000000000000000000000000000000000000000000000000000000000000000000000000001007202000000000    00000000000000000000000                              75600000000000000000000       
7560001300125T 0204609000000000793400001119247001014     129000000000000010102020000000000006500756046090MALENA DE SOUZA MOURA    091000086369300225SALUTE                                  000000000000000000000000000000000A4                 
7560001300126U 020000000000000000000000000000000000000000000000000000000000000000000000000000000000000000000000000000000000000000000000001007202000000000    00000000000000000000000                              75600000000000000000000       
7560001300127T 0204609000000000793400001119248701014     147000000000000010112020000000000006500756046090MALENA DE SOUZA MOURA    091000086369300225SALUTE                                  000000000000000000000000000000000A4                 
7560001300128U 020000000000000000000000000000000000000000000000000000000000000000000000000000000000000000000000000000000000000000000000001007202000000000    00000000000000000000000                              75600000000000000000000       
7560001300129T 0204609000000000793400001119249401014     155000000000000010122020000000000006500756046090MALENA DE SOUZA MOURA    091000086369300225SALUTE                                  000000000000000000000000000000000A4                 
7560001300130U 020000000000000000000000000000000000000000000000000000000000000000000000000000000000000000000000000000000000000000000000001007202000000000    00000000000000000000000                              75600000000000000000000       
7560001300131T 0204609000000000793400001119250201014     167000000000000010012021000000000006500756046090MALENA DE SOUZA MOURA    091000086369300225SALUTE                                  000000000000000000000000000000000A4                 
7560001300132U 020000000000000000000000000000000000000000000000000000000000000000000000000000000000000000000000000000000000000000000000001007202000000000    00000000000000000000000                              75600000000000000000000       
7560001300133T 0204609000000000793400001119251001014     175000000000000010022021000000000006500756046090MALENA DE SOUZA MOURA    091000086369300225SALUTE                                  000000000000000000000000000000000A4                 
7560001300134U 020000000000000000000000000000000000000000000000000000000000000000000000000000000000000000000000000000000000000000000000001007202000000000    00000000000000000000000                              75600000000000000000000       
7560001300135T 0204609000000000793400001119252701014     193000000000000010032021000000000006500756046090MALENA DE SOUZA MOURA    091000086369300225SALUTE                                  000000000000000000000000000000000A4                 
7560001300136U 020000000000000000000000000000000000000000000000000000000000000000000000000000000000000000000000000000000000000000000000001007202000000000    00000000000000000000000                              75600000000000000000000       
7560001300137T 0204609000000000793400001119253401014     199000000000000010042021000000000006500756046090MALENA DE SOUZA MOURA    091000086369300225SALUTE                                  000000000000000000000000000000000A4                 
7560001300138U 020000000000000000000000000000000000000000000000000000000000000000000000000000000000000000000000000000000000000000000000001007202000000000    00000000000000000000000                              75600000000000000000000       
7560001300139T 0204609000000000793400001119254101014     111900000000000010052021000000000006500756046090MALENA DE SOUZA MOURA    091000086369300225SALUTE                                  000000000000000000000000000000000A4                 
7560001300140U 020000000000000000000000000000000000000000000000000000000000000000000000000000000000000000000000000000000000000000000000001007202000000000    00000000000000000000000                              75600000000000000000000       
7560001300141T 0204609000000000793400001119255901014     112900000000000010062021000000000006500756046090MALENA DE SOUZA MOURA    091000086369300225SALUTE                                  000000000000000000000000000000000A4                 
7560001300142U 020000000000000000000000000000000000000000000000000000000000000000000000000000000000000000000000000000000000000000000000001007202000000000    00000000000000000000000                              75600000000000000000000       
7560001300143T 0204609000000000793400001119256601014     113300000000000010072021000000000006500756046090MALENA DE SOUZA MOURA    091000086369300225SALUTE                                  000000000000000000000000000000000A4                 
7560001300144U 020000000000000000000000000000000000000000000000000000000000000000000000000000000000000000000000000000000000000000000000001007202000000000    00000000000000000000000                              75600000000000000000000       
75600015         00014600007200000000000468000000000000000000000000000000000000000000000000000000000000000000000000                                                                                                                             
75699999         000001000148000000                                                                                                                                                                                                             
